@article{LC-tddft,
   Author = {Tawada, Yoshihiro and Tsuneda, Takao and Yanagisawa, Susumu and Yanai, Takeshi and Hirao, Kimihiko},
   title = {A long-range-corrected time-dependent density functional theory},
   journal= {J Chem. Phys.},
   Year   = {2004},
   Number = {18},
   Pages  = {8425-8433},
   Volume = {120},
   Doi    = {http://dx.doi.org/10.1063/1.1688752},
   URL = {http://aip.scitation.org/doi/abs/10.1063/1.1688752},
}

@article{Autschbach,
   Title   = {Delocalization Error and “Functional Tuning” in Kohn–Sham Calculations of Molecular Properties},
   Author  = {Jochen Autschbach and Monika Srebro},
   journal = {Acc. Chem. Res.},
   Year    = {2014},
   Note    = {PMID: 24968277},
   Number  = {8},
   Pages   = {2592-2602},
   Volume  = {47},
   Doi    = {10.1021/ar500171t},
   Eprint = { http://dx.doi.org/10.1021/ar500171t},
}

@article{OT-RSH,
   author = {David A. Egger and Shira Weissman and Sivan Refaely-Abramson and Sahar Sharifzadeh and Matthias Dauth and Roi Baer and Stephan Kümmel and Jeffrey B. Neaton and Egbert Zojer and Leeor Kronik},
   title = {Outer-valence Electron Spectra of Prototypical Aromatic Heterocycles from an Optimally Tuned Range-Separated Hybrid Functional},
   journal = {J. Chem. Theory. Comput.},
   volume = {10},
   number = {5},
   pages = {1934-1952},
   year = {2014},
   doi = {10.1021/ct400956h},
}

@article{Gao_wopperer,
   author={C-Z Gao and P Wopperer and P M Dinh and E Suraud and P-G Reinhard},
   title={On the dynamics of photo-electrons in C 60},
   journal={J Phys. B-A. Mol. Opt.},
   volume={48},
   number={10},
   pages={105102},
   url={http://stacks.iop.org/0953-4075/48/i=10/a=105102},
   year={2015},
}

%@book{bookTDDFT, UNUSED
%   title={Time-Dependent Density-Functional Theory},
%   author={Ullrich, Carsten A.},
%   year={2013},
%   publisher={Oxford University press},
%   volume={1},
%}

@article{PottsHolland,
   Title  = {An experimental and theoretical study of the valence shell photoelectron spectra of purine and pyrimidine molecules},
   Author = {A W Potts and D M P Holland and A B Trofimov and J Schirmer and L Karlsson and K Siegbahn},
   journal= {J Phys. B-A. Mol. Opt.},
   Year   = {2003},
   Number = {14},
   Pages  = {3129},
   Volume = {36},
   url = {http://iopscience.iop.org/article/10.1088/0953-4075/36/14/314/meta;jsessionid=2EE65D8701DF128D927B5BD298B22668.c4.iopscience.cld.iop.org}
}

@thesis{MAgg,
   author={Grell, Gilbert},
   title={Theoretical Study of X-Ray Photoelectron Spectroscopy of Transition Metal Complexes},
   school={University of Rostock},
   year={2015},
}

@article{ezDyson,
   author = "Oana, C. Melania and Krylov, Anna I.",
   title = "Cross sections and photoelectron angular distributions in photodetachment from negative ions using equation-of-motion coupled-cluster Dyson orbitals",
   journal = "J. Chem. Phys.",
   year = "2009",
   volume = "131",
   number = "12", 
   eid = 124114,
   url = "http://scitation.aip.org/content/aip/journal/jcp/131/12/10.1063/1.3231143",
   doi = "http://dx.doi.org/10.1063/1.3231143" 
}

%@article{vibPES,  UNUSED
%   author = "Zhu, Guo-Zhu and Wang, Lai-Sheng",
%   title = "Communication: Vibrationally resolved photoelectron spectroscopy of the tetracyanoquinodimethane (TCNQ) anion and accurate determination of the electron affinity of TCNQ",
%   journal = "J. Chem. Phys.",
%   year = "2015",
%   volume = "143",
%   number = "22", 
%   eid = 221102,
%   url = "http://scitation.aip.org/content/aip/journal/jcp/143/22/10.1063/1.4937761",
%   doi = "http://dx.doi.org/10.1063/1.4937761" 
%}

@article{GrellKuehn,
   author = "Grell, Gilbert and Bokarev, Sergey I. and Winter, Bernd and Seidel, Robert and Aziz, Emad F. and Aziz, Saadullah G. and Kühn, Oliver",
   title = "Multi-reference approach to the calculation of photoelectron spectra including spin-orbit coupling",
   journal = "J. Chem. Phys.",
   year = "2015",
   volume = "143",
   number = "7", 
   eid = 074104,
   url = "http://scitation.aip.org/content/aip/journal/jcp/143/7/10.1063/1.4928511",
   doi = "http://dx.doi.org/10.1063/1.4928511" 
}

@article{Astley,
   author = {Astley, R. J.},
   title = {Infinite elements for wave problems: a review of current formulations and an assessment of accuracy},
   journal = {Int. J. Numer. Meth. Eng.},
   volume = {49},
   number = {7},
   publisher = {John Wiley \& Sons, Ltd.},
   issn = {1097-0207},
   url = {http://dx.doi.org/10.1002/1097-0207(20001110)49:7<951::AID-NME989>3.0.CO;2-T},
   pages = {951--976},
   keywords = {Helmholtz wave equation, unbounded domain, infinite element, accuracy, stability},
   year = {2000},
}

@article{Son_Chu0,
   title = "Voronoi-cell finite difference method for accurate electronic structure calculation of polyatomic molecules on unstructured grids ",
   journal = "J. Comput. Phys. ",
   volume = "230",
   number = "5",
   pages = "2160 - 2173",
   year = "2011",
   issn = "0021-9991",
   doi = "http://dx.doi.org/10.1016/j.jcp.2010.12.012",
   url = "http://www.sciencedirect.com/science/article/pii/S0021999110006765",
   author = "Sang-Kil Son",
}

@article{Son_Chu,
   author = "Sang-Kil Son and Shih-I Chu",
   title = "Theoretical study of orientation-dependent multiphoton ionization of polyatomic molecules in intense ultrashort laser fields: A new time-dependent Voronoi-cell finite difference method ",
   journal = "Chem. Phys.",
   volume = "366",
   number = "1–3",
   pages = "91 - 102",
   year = "2009",
   issn = "0301-0104",
   doi = "http://dx.doi.org/10.1016/j.chemphys.2009.09.006",
   url = "http://www.sciencedirect.com/science/article/pii/S0301010409002754",
}

@article{tetgen,
   author = {Si, Hang},
   title = {TetGen, a Delaunay-Based Quality Tetrahedral Mesh Generator},
   journal = {ACM Trans. Math. Softw.},
   issue_date = {January 2015},
   volume = {41},
   number = {2},
   month = {feb},
   year = {2015},
   issn = {0098-3500},
   pages = {11:1--11:36},
   articleno = {11},
   numpages = {36},
   url = {http://doi.acm.org/10.1145/2629697},
   doi = {10.1145/2629697},
}

%@article{PESN2,   UNUSED
%   author={J B West and M A Hayes and A C Parr and J E Hardis and S H Southworth and T A Ferrett and J L Dehmer and X-M Hu and G V Marr},
%   title={A high resolution angle resolved photoelectron spectroscopy study of N 2},
%   journal={Phys. Scripta},
%   volume={41},
%   number={4},
%   pages={487},
%   url={http://stacks.iop.org/1402-4896/41/i=4/a=024},
%   year={1990},
%}

@article{AlO,
   title = "Vibrationally resolved photoelectron spectroscopy of AlO- and AlO2-",
   journal = "Int. J. Mass Spectrom.",
   volume = "159",
   number = "1",
   pages = "75 - 80",
   year = "1996",
   issn = "0168-1176",
   doi = "http://dx.doi.org/10.1016/S0168-1176(96)04443-6",
   url = "http://www.sciencedirect.com/science/article/pii/S0168117696044436",
   author = "Sunil R. Desai and Hongbin Wu and Lai-Sheng Wang",
}

@article{KrXe,
   title = "The valence photoelectron satellite spectra of Kr and Xe ",
   journal = "J. Electron Spectrosc. ",
   volume = "114-116",
   pages = "141 - 146",
   year = "2001",
   note = "Proceeding of the Eight International Conference on Electronic Spectroscopy and Structure, ",
   issn = "0368-2048",
   doi = "http://dx.doi.org/10.1016/S0368-2048(00)00277-2",
   url = "http://www.sciencedirect.com/science/article/pii/S0368204800002772",
   author = "S. Alitalo and A. Kivimäki and T. Matila and K. Vaarala and H. Aksela and S. Aksela",
}

@article{waterTPE,
   title = {Threshold photoelectron spectroscopy of H2O and D2O over the photon energy range 12–40eV},
   volume = {355},
   issn = {03010104},
   url = {http://linkinghub.elsevier.com/retrieve/pii/S0301010408005636},
   doi = {10.1016/j.chemphys.2008.12.009},
   pages = {183--193},
   number = {2},
   journal = {Chem. Phys.},
   author = {Truong, S.Y. and Yencha, A.J. and Juarez, A.M. and Cavanagh, S.J. and Bolognesi, P. and King, G.C.},
   urldate = {2016-09-20},
   date = {2009-01},
}

@article{waterHePES,
   title = {Isotopic and vibronic coupling effects in the valence electron spectra of H2 16O, H2 18O, and D2 16O},
   volume = {62},
   issn = {00219606},
   url = {http://scitation.aip.org/content/aip/journal/jcp/62/12/10.1063/1.430423},
   doi = {10.1063/1.430423},
   pages = {4745},
   number = {12},
   journal = {J. Chem. Phys.},
   author = {Karlsson, L.},
   urldate = {2016-09-20},
   date = {1975},
}

@article{water1200,
   title = {High resolution electron momentum spectroscopy of the valence orbitals of water},
   volume = {343},
   issn = {03010104},
   url = {http://linkinghub.elsevier.com/retrieve/pii/S0301010407004259},
   doi = {10.1016/j.chemphys.2007.09.030},
   pages = {19--30},
   number = {1},
   journal = {Chem. Phys.},
   author = {Ning, C.G. and Hajgató, B. and Huang, Y.R. and Zhang, S.F. and Liu, K. and Luo, Z.H. and Knippenberg, S. and Deng, J.K. and Deleuze, M.S.},
   urldate = {2016-09-20},
   date = {2008-01},
}

@article{ch2f2,
   title = "Probing Dyson orbitals with Green’s Function theory and Electron Momentum Spectroscopy ",
   journal = "Chem. Phys. Lett. ",
   volume = "421",
   number = "1–3",
   pages = "52 - 57",
   year = "2006",
   issn = "0009-2614",
   doi = "http://dx.doi.org/10.1016/j.cplett.2006.01.040",
   url = "http://www.sciencedirect.com/science/article/pii/S0009261406000856",
   author = "C.G. Ning and X.G. Ren and J.K. Deng and G.L. Su and S.F. Zhang and S. Knippenberg and M.S. Deleuze"
}

@article{winterWater,
   title = {Full Valence Band Photoemission from Liquid Water Using {EUV} Synchrotron Radiation},
   volume = {108},
   issn = {1089-5639, 1520-5215},
   url = {http://pubs.acs.org/doi/abs/10.1021/jp030263q},
   doi = {10.1021/jp030263q},
   pages = {2625--2632},
   number = {14},
   journal = {J. Phys. Chem. A},
   author = {Winter, B. and Weber, R. and Widdra, W. and Dittmar, M. and Faubel, M. and Hertel, I. V.},
   urldate = {2015-03-11},
   date = {2004-04},
}

@article{koopmans,
   title = "Über die Zuordnung von Wellenfunktionen und Eigenwerten zu den Einzelnen Elektronen Eines Atoms",
   journal = "Physica",
   volume = "1",
   number = "1",
   pages = "104 - 113",
   year = "1934",
   issn = "0031-8914",
   doi = "http://dx.doi.org/10.1016/S0031-8914(34)90011-2",
   url = "http://www.sciencedirect.com/science/article/pii/S0031891434900112",
   author = "T Koopmans",
}

@article{Koerzd1,
   title = {Assessment of the performance of tuned range-separated hybrid density functionals in predicting accurate quasiparticle spectra},
   author = {K\"orzd\"orfer, Thomas and Parrish, Robert M. and Marom, Noa and Sears, John S. and Sherrill, C. David and Br\'edas, Jean-Luc},
   journal = {Phys. Rev. B},
   volume = {86},
   issue = {20},
   pages = {205110},
   numpages = {9},
   year = {2012},
   month = {Nov},
   publisher = {American Physical Society},
   doi = {10.1103/PhysRevB.86.205110},
   url = {http://link.aps.org/doi/10.1103/PhysRevB.86.205110}
}

@article{Koerzd2,
   title = {When to trust photoelectron spectra from Kohn-Sham eigenvalues: The case of organic semiconductors},
   author = {K\"orzd\"orfer, T. and K\"ummel, S. and Marom, N. and Kronik, L.},
   journal = {Phys. Rev. B},
   volume = {79},
   issue = {20},
   pages = {201205},
   numpages = {4},
   year = {2009},
   month = {May},
   publisher = {American Physical Society},
   doi = {10.1103/PhysRevB.79.201205},
   url = {http://link.aps.org/doi/10.1103/PhysRevB.79.201205}
}

@article{hemberg1,
   title = {Pyrolysis of 3-Methoxypyridine. Detection and Characterization of the Pyrrolyl Radical by Threshold Photoelectron Spectroscopy},
   issn = {1089-5639, 1520-5215},
   url = {http://pubs.acs.org/doi/10.1021/acs.jpca.5b10743},
   doi = {10.1021/acs.jpca.5b10743},
   journal = {J. Phys. Chem. A},
   author = {Holzmeier, Fabian and Wagner, Isabella and Fischer, Ingo and Bodi, Andras and Hemberger, Patrick},
   urldate = {2016-05-10},
   date = {2016-01-06},
}

@article{1pGFcederbaum,
   title = {Computational methods for the one-particle green's function},
   volume = {1},
   url = {http://www.sciencedirect.com/science/article/pii/0167797784900029},
   pages = {57--125},
   number = {2},
   journal = {Comput. Phys. Rep.},
   author = {Von Niessen, W. and Schirmer, J. and Cederbaum, L. S.},
   date = {1984},
}

@article{solid1,
   author = {Van Kuiken, Benjamin E. and Khalil, Munira},
   title = {Simulating Picosecond Iron K-Edge X-ray Absorption Spectra by ab Initio Methods To Study Photoinduced Changes in the Electronic Structure of Fe(II) Spin Crossover Complexes},
   journal = {J. Phys. Chem. A},
   volume = {115},
   number = {39},
   pages = {10749-10761},
   year = {2011},
   doi = {10.1021/jp2056333},
   note ={PMID: 21846088},
   URL = {http://dx.doi.org/10.1021/jp2056333},
   eprint = {http://dx.doi.org/10.1021/jp2056333},
}

@article{liquid1,
   author = {Lange, Kathrin M. and Aziz, Emad F.},
   title = {The Hydrogen Bond of Water from the Perspective of Soft X-Ray Spectroscopy},
   journal = {Chem-Asian J.},
   volume = {8},
   number = {2},
   publisher = {WILEY-VCH Verlag},
   issn = {1861-471X},
   url = {http://dx.doi.org/10.1002/asia.201200533},
   doi = {10.1002/asia.201200533},
   pages = {318--327},
   year = {2013},
}

@article{XrayDynamics,
   author={Canton, Sophie E. and Kjær, Kasper S. and Vankó, György and van Driel, Tim B. and Adachi, Shin-ichi and Bordage, Amélie and Bressler, Christian and Chabera, Pavel and Christensen, Morten and Dohn, Asmus O. and Galler, Andreas and Gawelda, Wojciech and Gosztola, David and Haldrup, Kristoffer and Harlang, Tobias and Liu, Yizhu and Møller, Klaus B. and Németh, Zoltán and Nozawa, Shunsuke and Pápai, Mátyás and Sato, Tokushi and Sato, Takahiro and Suarez-Alcantara, Karina and Togashi, Tadashi and Tono, Kensuke and Uhlig, Jens and Vithanage, Dimali A. and Wärnmark, Kenneth and Yabashi, Makina and Zhang, Jianxin and Sundström, Villy and Nielsen, Martin M. },
   title={ Visualizing the non-equilibrium dynamics of photoinduced intramolecular electron transfer with femtosecond X-ray pulses},
   journal={Nat. Comm.},
   year={2015},
   month = {Mar},
   volume={ 6},
   number={6359},
   url={http://dx.doi.org/10.1038/ncomms7359},
   doi={10.1038/ncomms7359},
}

@article{lfm,
   author ="Maganas, Dimitrios and Roemelt, Michael and Weyhermuller, Thomas and Blume, Raoul and Havecker, Michael and Knop-Gericke, Axel and DeBeer, Serena and Schlogl, Robert and Neese, Frank",
   title  ="L-edge X-ray absorption study of mononuclear vanadium complexes and spectral predictions using a restricted open shell configuration interaction ansatz",
   journal  ="Phys. Chem. Chem. Phys.",
   year  ="2014",
   volume  ="16",
   issue  ="1",
   pages  ="264-276",
   publisher  ="The Royal Society of Chemistry",
   doi  ="10.1039/C3CP52711E",
   url  ="http://dx.doi.org/10.1039/C3CP52711E",
}

@article{libmesh,
   author = {B.~S.~Kirk and J.~W.~Peterson and R.~H.~Stogner and G.~F.~Carey},
   title = {{\texttt{libMesh}: A C++ Library for Parallel Adaptive Mesh
   Refinement/Coarsening Simulations}},
   journal = {Eng. Comput.},
   volume = {22},
   number = {3--4},
   pages = {237--254},
   year = {2006},
   note = {\url{http://dx.doi.org/10.1007/s00366-006-0049-3}}
}

@article{dealII,
   title = {The \texttt{deal.II} Library, Version 8.4},
   author  = {W. Bangerth and D. Davydov and T. Heister and L. Heltai
   and G. Kanschat and M. Kronbichler
   and M. Maier and B. Turcksin and D. Wells},
   journal = {J. Num. Math.},
   volume  = 24,
   year    = 2016
}

@article {freefem,
   AUTHOR = {Hecht, F.},
   TITLE = {New development in FreeFem++},
   JOURNAL = {J. Numer. Math.},  
   FJOURNAL = {J. Num. Math.},
   VOLUME = {20}, 
   YEAR = {2012},
   NUMBER = {3-4}, 
   PAGES = {251--265},
   ISSN = {1570-2820}, 
   MRCLASS = {65Y15}, 
   MRNUMBER = {3043640},
}

@article{hermes,
   author="Karban, Pavel
   and Mach, Franti{\v{s}}ek
   and K{\r{u}}s, Pavel
   and P{\'a}nek, David
   and Dole{\v{z}}el, Ivo",
   title="Numerical solution of coupled problems using code Agros2D",
   journal="Computing",
   year="2013",
   volume="95",
   number="1",
   pages="381--408",
   issn="1436-5057",
   doi="10.1007/s00607-013-0294-4",
   url="http://dx.doi.org/10.1007/s00607-013-0294-4"
}


@Article{oofem,
   Author =  {B. Patz\'{a}k},
   Title =   {{OOFEM} - an object-oriented simulation tool for advanced modeling of materials and structures},
   journal = {Acta Polytech.},
   Year =    {2012},
   Volume =  {52},
   Number =  {6},
   Pages =   {59-66}
}

@article{r-mat,
   title = {R-matrix theory of the hydrogen atom},
   volume = {18},
   url = {http://iopscience.iop.org/article/10.1088/0022-3700/18/13/010/meta},
   pages = {2577},
   number = {13},
   journal = {J. Phys. B- At. Mol. Opt.},
   author = {Yan, Yu and Seaton, M. J.},
   date = {1985},
}

@article{Li-R,
   title = {First experimental determination and theoretical calculation of partial photoionization cross sections of lithium over the energy region of hollow Atomic States},
   volume = {76},
   url = {http://journals.aps.org/prl/abstract/10.1103/PhysRevLett.76.30},
   pages = {30},
   number = {1},
   journal = {Physical review letters},
   author = {Journel, L. and Cubaynes, D. and Bizau, J.-M. and Al Moussalami, S. and Rouvellou, B. and Wuilleumier, Francois J. and {VoKy}, L. and Faucher, P. and Hibbert, A.},
   date = {1996},
}

@article{Li-R1,
   title = {Angle-Resolved Photoelectron Spectrometry Studies of the Autoionization of the 2 s 2 2 p 2 P Triply Excited State of Atomic Lithium: Experimental Results and R-Matrix Calculations},
   volume = {84},
   url = {http://journals.aps.org/prl/abstract/10.1103/PhysRevLett.84.1677},
   pages = {1677},
   number = {8},
   journal = {Physical review letters},
   author = {Diehl, S. and Cubaynes, D. and Zhou, H. L. and VoKy, L. and Wuilleumier, F. J. and Kennedy, Eugene T. and Bizau, J. M. and Manson, S. T. and Morgan, T. J. and Blancard, C. and {others}},
   date = {2000},
}

@article{Li-R2,
   title = {Resonant photoionization of atomic lithium in the region of the first and second inner-shell thresholds},
   volume = {29},
   url = {http://iopscience.iop.org/article/10.1088/0953-4075/29/6/003/pdf},
   pages = {L181},
   number = {6},
   journal = {J Phys. B-A. Mol. Opt.},
   author = {Kiernan, L. M. and Lee, M. K. and Sonntag, B. F. and Zimmermann, P. and Costello, J. T. and Kennedy, E. T. and Gray, A. and Ky, L. Vo},
   date = {1996},
}

@article{r-mat2,
   author={M J Seaton},
   title={Use of the R matrix method for bound-state calculations. I. General theory},
   journal={J. Phys. B- At. Mol. Opt.},
   volume={18},
   number={11},
   pages={2111},
   url={http://stacks.iop.org/0022-3700/18/i=11/a=008},
   year={1985},
}

@article{stieltje,
   title = "Molecular photoionization cross sections by the local density LCAO Stieltjes imaging approach",
   journal = "J. Electron Spectrosc.",
   volume = "74",
   number = "1",
   pages = "29 - 43",
   year = "1995",
   issn = "0368-2048",
   doi = "http://dx.doi.org/10.1016/0368-2048(95)02357-7",
   url = "http://www.sciencedirect.com/science/article/pii/0368204895023577",
   author = "M. Stener and P. Decleva and A. Lisini",
}

@article{stieltjeLanczos,
   author = "Cukras, Janusz and Coriani, Sonia and Decleva, Piero and Christiansen, Ove and Norman, Patrick",
   title = "Photoionization cross section by Stieltjes imaging applied to coupled cluster Lanczos pseudo-spectra",
   journal = "J. Chem. Phys.",
   year = "2013",
   volume = "139",
   number = "9", 
   eid = 094103,
   url = "http://scitation.aip.org/content/aip/journal/jcp/139/9/10.1063/1.4819126;jsessionid=xpfrl555z0h8klVnhTnHXA6p.x-aip-live-06",
   doi = "http://dx.doi.org/10.1063/1.4819126" 
}

@article{nwchem,
   title = "NWChem: A comprehensive and scalable open-source solution for large scale molecular simulations ",
   journal = "Comput. Phys. Commun. ",
   volume = "181",
   number = "9",
   pages = "1477 - 1489",
   year = "2010",
   issn = "0010-4655",
   doi = "http://dx.doi.org/10.1016/j.cpc.2010.04.018",
   url = "http://www.sciencedirect.com/science/article/pii/S0010465510001438",
   author = "M. Valiev and E.J. Bylaska and N. Govind and K. Kowalski and T.P. Straatsma and H.J.J. Van Dam and D. Wang and J. Nieplocha and E. Apra and T.L. Windus and W.A. de Jong",
}

@article{Burke,
   title = "A parallel R-matrix program PRMAT for electron–atom and electron–ion scattering calculations",
   journal = "Comput. Phys. Commun.",
   volume = "145",
   number = "3",
   pages = "311 - 340",
   year = "2002",
   issn = "0010-4655",
   doi = "http://dx.doi.org/10.1016/S0010-4655(02)00140-6",
   url = "http://www.sciencedirect.com/science/article/pii/S0010465502001406",
   author = "A.G. Sunderland and C.J. Noble and V.M. Burke and P.G. Burke",
}

@article{fem_hydro,
   author={Marcílio N Guimarães and Frederico V Prudente},
   title={A study of the confined hydrogen atom using the finite element method},
   journal={J Phys. B-A. Mol. Opt.},
   volume={38},
   number={15},
   pages={2811},
   url={http://stacks.iop.org/0953-4075/38/i=15/a=017},
   year={2005},
}

@article{fem_H_refine,
   author = "Ackermann, J. and Erdmann, B. and Roitzsch, R.",
   title = "A self-adaptive multilevel finite element method for the stationary Schrödinger equation in three space dimensions",
   journal = "J. Chem. Phys.",
   year = "1994",
   volume = "101",
   number = "9", 
   pages = "7643-7650",
   url = "http://scitation.aip.org/content/aip/journal/jcp/101/9/10.1063/1.468257;jsessionid=2oENkdlN7Rnj1UZhsoQ3COXC.x-aip-live-06",
   doi = "http://dx.doi.org/10.1063/1.468257" 
}

@article{fem_He,
   title = {Finite-element-method expectation values for correlated two-electron wave functions},
   author = {Ackermann, J\"org},
   journal = {Phys. Rev. A},
   volume = {52},
   issue = {3},
   pages = {1968--1975},
   numpages = {0},
   year = {1995},
   month = {Sep},
   publisher = {American Physical Society},
   doi = {10.1103/PhysRevA.52.1968},
   url = {http://link.aps.org/doi/10.1103/PhysRevA.52.1968}
}

@article{fe_dft1,
   title = "A Kohn–Sham equation solver based on hexahedral finite elements ",
   journal = "J. Comput. Phys. ",
   volume = "231",
   number = "8",
   pages = "3166 - 3180",
   year = "2012",
   issn = "0021-9991",
   doi = "http://dx.doi.org/10.1016/j.jcp.2011.12.043",
   url = "http://www.sciencedirect.com/science/article/pii/S0021999112000125",
   author = "Jun Fang and Xingyu Gao and Aihui Zhou",
}

@article{fe_hf,
   author = "Alizadegan, R. and Hsia, K. J. and Martinez, T. J.",
   title = "A divide and conquer real space finite-element Hartree–Fock method",
   journal = "J. Chem. Phys.",
   year = "2010",
   volume = "132",
   number = "3", 
   eid = 034101,
   url = "http://scitation.aip.org/content/aip/journal/jcp/132/3/10.1063/1.3290949;jsessionid=EKKkd-r331ILw4GuDhoCtR1j.x-aip-live-01",
   doi = "http://dx.doi.org/10.1063/1.3290949" 
}

@article{fem_crystal,
   title = {Real-space local polynomial basis for solid-state electronic-structure calculations: A finite-element approach},
   author = {Pask, J. E. and Klein, B. M. and Fong, C. Y. and Sterne, P. A.},
   journal = {Phys. Rev. B},
   volume = {59},
   issue = {19},
   pages = {12352--12358},
   numpages = {0},
   year = {1999},
   month = {May},
   publisher = {American Physical Society},
   doi = {10.1103/PhysRevB.59.12352},
   url = {http://link.aps.org/doi/10.1103/PhysRevB.59.12352}
}

@article{fe_dft2,
   author = "Lehtovaara, Lauri and Havu, Ville and Puska, Martti",
   title = "All-electron density functional theory and time-dependent density functional theory with high-order finite elements",
   journal = "J. Chem. Phys.",
   year = "2009",
   volume = "131",
   number = "5", 
   eid = 054103,
   url = "http://scitation.aip.org/content/aip/journal/jcp/131/5/10.1063/1.3176508",
   doi = "http://dx.doi.org/10.1063/1.3176508" 
}

@article{fe_dft3,
   title = "Higher-order adaptive finite-element methods for Kohn–Sham density functional theory ",
   journal = "J. Comput. Phys. ",
   volume = "253",
   pages = "308 - 343",
   year = "2013",
   issn = "0021-9991",
   doi = "http://dx.doi.org/10.1016/j.jcp.2013.06.042",
   url = "http://www.sciencedirect.com/science/article/pii/S0021999113004774",
   author = "P. Motamarri and M.R. Nowak and K. Leiter and J. Knap and V. Gavini",
}

@article{fem_He1,
   title = "A 3-dimensional finite elements procedure for quantum mechanical applications",
   journal = "Comput. Phys. Commun.",
   volume = "86",
   number = "1",
   pages = "67 - 80",
   year = "1995",
   issn = "0010-4655",
   doi = "http://dx.doi.org/10.1016/0010-4655(94)00160-4",
   url = "http://www.sciencedirect.com/science/article/pii/0010465594001604",
   author = "Armin Scrinzi",
}

@article{fem_crystal1,
   title = "Finite element methods in quantum mechanics",
   journal = "Comput. Phys. Rep.",
   volume = "6",
   number = "1",
   pages = "209 - 242",
   year = "1987",
   issn = "0167-7977",
   doi = "http://dx.doi.org/10.1016/0167-7977(87)90013-X",
   url = "http://www.sciencedirect.com/science/article/pii/016779778790013X",
   author = "Jan Linderberg",
}

@article{LiGS_fem,
   title = "Numerical solutions of the Schr\"odinger equation for the ground lithium by the finite element method ",
   journal = "Appl. Math. Comput. ",
   volume = "153",
   number = "3",
   pages = "685 - 695",
   year = "2004",
   issn = "0096-3003",
   doi = "http://dx.doi.org/10.1016/S0096-3003(03)00664-7",
   url = "http://www.sciencedirect.com/science/article/pii/S0096300303006647",
   author = "Weiying Zheng and Lung-an Ying and Peizhu Ding",
}

@article{vib_fem,
   title = "Solving the vibrational Schrödinger equation on an arbitrary multidimensional potential energy surface by the finite element method ",
   journal = "Comput. Phys. Commun. ",
   volume = "180",
   number = "11",
   pages = "2079 - 2094",
   year = "2009",
   issn = "0010-4655",
   doi = "http://dx.doi.org/10.1016/j.cpc.2009.06.010",
   url = "http://www.sciencedirect.com/science/article/pii/S0010465509001908",
   author = "Dong Xu and Jernej Stare and Andrew L. Cooksy",
}

@article{fem_h1,
   title = "A numerical study of various finite-element method schemes applied to quantum mechanical calculations",
   journal = "Comput. Phys. Commun.",
   volume = "66",
   number = "1",
   pages = "55 - 65",
   year = "1991",
   issn = "0010-4655",
   doi = "http://dx.doi.org/10.1016/0010-4655(91)90007-8",
   url = "http://www.sciencedirect.com/science/article/pii/0010465591900078",
   author = "J.J. Soares Neto and Jan Linderberg",
}

@article{sem1,
   title = {Computational method for general multicenter electronic structure calculations},
   author = {Batcho, P. F.},
   journal = {Phys. Rev. E},
   volume = {61},
   issue = {6},
   pages = {7169--7183},
   numpages = {0},
   year = {2000},
   month = {Jun},
   publisher = {American Physical Society},
   doi = {10.1103/PhysRevE.61.7169},
   url = {http://link.aps.org/doi/10.1103/PhysRevE.61.7169}
}

@article{sem2,
   author="Maday, Yvon
   and Munoz, Rafael",
   title="Spectral element multigrid. II. Theoretical justification",
   journal="J. Sci. Comput.",
   year="1988",
   volume="3",
   number="4",
   pages="323--353",
   issn="1573-7691",
   doi="10.1007/BF01065177",
   url="http://dx.doi.org/10.1007/BF01065177"
}

@article{sem3,
   author = {Mark A. Watson and Kimihiko Hirao},
   title = {A linear-scaling spectral-element method for computing electrostatic potentials},
   journal = {J. Chem. Phys.},
   volume = {129},
   number = {18},
   pages = {184107},
   year = {2008},
   doi = {10.1063/1.3009264},
   URL = { http://aip.scitation.org/doi/abs/10.1063/1.3009264},
   eprint = { http://aip.scitation.org/doi/pdf/10.1063/1.3009264}
}

@article{2phcederbaum,
   title = "Strong correlation effects in the ionisation of CS2",
   journal = "Chem. Phys. Lett.",
   volume = "61",
   number = "1",
   pages = "30 - 35",
   year = "1979",
   issn = "0009-2614",
   doi = "http://dx.doi.org/10.1016/0009-2614(79)85078-2",
   url = "http://www.sciencedirect.com/science/article/pii/0009261479850782",
   author = "J. Schirmer and W. Domcke and L.S. Cederbaum and W. von Niessen and L. Åsbrink",
}

@article{2phcederbaum2,
   author={J Schirmer and W Domcke and L S Cederbaum and W von Niessen},
   title={Break-down of the molecular-orbital picture of ionization: CS, PN and P 2},
   journal={J. Phys. B- At. Mol. Opt.},
   volume={11},
   number={11},
   pages={1901},
   url={http://stacks.iop.org/0022-3700/11/i=11/a=007},
   year={1978},
}

@article{cederbaumN2,
   title = "Strong Correlation Effects in inner Valence Ionization of N2 and CO",
   journal = "Chem. Phys.",
   volume = "26",
   number = "1",
   pages = "149 - 153",
   year = "1977",
   issn = "0301-0104",
   doi = "http://dx.doi.org/10.1016/0301-0104(77)87101-2",
   url = "http://www.sciencedirect.com/science/article/pii/0301010477871012",
   author = "J. Schirmer and L.S Cederbaum and W. Domcke and W von Niessen",
}

@article{geodesic1,
   title = "Shallow Water Model on a Modified Icosahedral Geodesic Grid by Using Spring Dynamics",
   journal = "J. Comput. Phys.",
   volume = "174",
   number = "2",
   pages = "579 - 613",
   year = "2001",
   issn = "0021-9991",
   doi = "http://dx.doi.org/10.1006/jcph.2001.6897",
   url = "http://www.sciencedirect.com/science/article/pii/S0021999101968974",
   author = "Hirofumi Tomita and Motohiko Tsugawa and Masaki Satoh and Koji Goto",
}

@article{geodesic2,
   author={D. A. Randall and T. D. Ringler and R. P. Heikes and P. Jones and J. Baumgardner},
   journal={Comput. Sci. Eng.},
   title={Climate modeling with spherical geodesic grids},
   year={2002},
   volume={4},
   number={5},
   pages={32-41},
   doi={10.1109/MCISE.2002.1032427},
   ISSN={1521-9615},
   month={Sep},
}

@article{womersley,
   author="Womersley, Robert S. and Sloan, Ian H.",
   title="How good can polynomial interpolation on the sphere be?",
   journal="Adv. Comput. Math.",
   year="2001",
   volume="14",
   number="3",
   pages="195--226",
   issn="1572-9044",
   doi="10.1023/A:1016630227163",
   url="http://dx.doi.org/10.1023/A:1016630227163"
}

@article{wom2,
   title = "Good approximation on the sphere, with application to geodesy and the scattering of sound ",
   journal = "J. Comput. Appl. Math. ",
   volume = "149",
   number = "1",
   pages = "227 - 237",
   year = "2002",
   note = "Scientific and Engineering Computations for the 21st Century - Me thodologies and Applications Proceedings of the 15th Toyota Conference ",
   issn = "0377-0427",
   doi = "http://dx.doi.org/10.1016/S0377-0427(02)00532-0",
   url = "http://www.sciencedirect.com/science/article/pii/S0377042702005320",
   author = "Ian H. Sloan and Robert S. Womersley",
}

@article{wom3,
   author="Sloan, Ian H. and Womersley, Robert S.",
   title="Extremal Systems of Points and Numerical Integration on the Sphere",
   journal="Adv. Comput. Math.",
   year="2004",
   volume="21",
   number="1",
   pages="107--125",
   issn="1572-9044",
   doi="10.1023/B:ACOM.0000016428.25905.da",
   url="http://dx.doi.org/10.1023/B:ACOM.0000016428.25905.da"
}

@article{fliegeMaier,
   author = {Fliege, J and Maier, U}, 
   title = {The distribution of points on the sphere and corresponding cubature formulae},
   volume = {19}, 
   number = {2}, 
   pages = {317-334}, 
   year = {1999}, 
   doi = {10.1093/imanum/19.2.317}, 
   URL = {http://imajna.oxfordjournals.org/content/19/2/317.abstract}, 
   eprint = {http://imajna.oxfordjournals.org/content/19/2/317.full.pdf+html}, 
   journal = {IMA J. Numer. Anal.} 
}

@article{fibonacci,
   author = {Keinert, Benjamin and Innmann, Matthias and S\"{a}nger, Michael and Stamminger, Marc},
   title = {Spherical Fibonacci Mapping},
   journal = {ACM Trans. Graph.},
   issue_date = {November 2015},
   volume = {34},
   number = {6},
   month = oct,
   year = {2015},
   pages = {193:1--193:7},
   publisher = {ACM},
   address = {New York, NY, USA},
   url = {http://dx.doi.org/10.1145/2816795.2818131},
}

@article{fibonacci2,
   author="Gonz{\'a}lez, {\'A}lvaro",
   title="Measurement of Areas on a Sphere Using Fibonacci and Latitude--Longitude Lattices",
   journal="Math. Geosci.",
   year="2009",
   volume="42",
   number="1",
   pages="49",
   issn="1874-8953",
   doi="10.1007/s11004-009-9257-x",
   url="http://dx.doi.org/10.1007/s11004-009-9257-x"
}

@book{bookGF,
   author={Kadanoff, Leo P. and Baym, Gordon},
   title={Quantum Statistical Mechanics: Green's Function Method in Equilibrium and Nonequilibrium Problems},
   publisher={Addison-Wesley Publishing Co. Inc.},
   year={1989},
}

@article{gf_intro,
   title = {Electronic excitations: density-functional versus many-body Green's-function approaches},
   author = {Onida, Giovanni and Reining, Lucia and Rubio, Angel},
   journal = {Rev. Mod. Phys.},
   volume = {74},
   issue = {2},
   pages = {601--659},
   numpages = {0},
   year = {2002},
   month = {Jun},
   publisher = {American Physical Society},
   doi = {10.1103/RevModPhys.74.601},
   url = {http://link.aps.org/doi/10.1103/RevModPhys.74.601}
}

@article{hedinGW,
   title = {New Method for Calculating the One-Particle Green's Function with Application to the Electron-Gas Problem},
   author = {Hedin, Lars},
   journal = {Phys. Rev.},
   volume = {139},
   issue = {3A},
   pages = {A796--A823},
   numpages = {0},
   year = {1965},
   month = {Aug},
   publisher = {American Physical Society},
   doi = {10.1103/PhysRev.139.A796},
   url = {http://link.aps.org/doi/10.1103/PhysRev.139.A796}
}

@article{stieltjesCeder,
   author = "Gokhberg, K. and Vysotskiy, V. and Cederbaum, L. S. and Storchi, L. and Tarantelli, F. and Averbukh, V.",
   title = "Molecular photoionization cross sections by Stieltjes-Chebyshev moment theory applied to Lanczos pseudospectra",
   journal = "J. Chem. Phys.",
   year = "2009",
   volume = "130",
   number = "6", 
   eid = 064104,
   url = "http://scitation.aip.org/content/aip/journal/jcp/130/6/10.1063/1.3073821",
   doi = "http://dx.doi.org/10.1063/1.3073821",
}

@article{langhoff3,
   title = "Bounds for second-order optical properties from quantum-mechanical sum rules and the theory of moments",
   journal = "Chem. Phys. Letters",
   volume = "9",
   number = "2",
   pages = "89 - 94",
   year = "1971",
   issn = "0009-2614",
   doi = "http://dx.doi.org/10.1016/0009-2614(71)80193-8",
   url = "http://www.sciencedirect.com/science/article/pii/0009261471801938",
   author = "P.W. Langhoff",
}

@article{langhoff2,
   title = {Moment-theory investigations of photoabsorption and dispersion profiles in atoms and ions},
   author = {Langhoff, P. W. and Corcoran, C. T. and Sims, J. S. and Weinhold, F. and Glover, R. M.},
   journal = {Phys. Rev. A},
   volume = {14},
   issue = {3},
   pages = {1042--1056},
   numpages = {0},
   year = {1976},
   month = {Sep},
   publisher = {American Physical Society},
   doi = {10.1103/PhysRevA.14.1042},
   url = {http://link.aps.org/doi/10.1103/PhysRevA.14.1042}
}

@article{langhoff,
   title = "Stieltjes imaging of atomic and molecular photoabsorption profiles",
   journal = "Chem. Phys. Lett.",
   volume = "22",
   number = "1",
   pages = "60 - 64",
   year = "1973",
   issn = "0009-2614",
   doi = "http://dx.doi.org/10.1016/0009-2614(73)80534-2",
   url = "http://www.sciencedirect.com/science/article/pii/0009261473805342",
   author = "P.W. Langhoff",
}

@article{nesbet,
   title = {Stieltjes imaging method for computation of oscillator-strength distributions for complex atoms},
   author = {Nesbet, R. K.},
   journal = {Phys. Rev. A},
   volume = {14},
   issue = {3},
   pages = {1065--1081},
   numpages = {0},
   year = {1976},
   month = {Sep},
   publisher = {American Physical Society},
   doi = {10.1103/PhysRevA.14.1065},
   url = {http://link.aps.org/doi/10.1103/PhysRevA.14.1065}
}

@article{TD-do,
   title = {Time-dependent Dyson orbital theory},
   issn = {1463-9076, 1463-9084},
   url = {http://xlink.rsc.org/?DOI=C6CP00888G},
   doi = {10.1039/C6CP00888G},
   journal = {Phys. Chem. Chem. Phys.},
   author = {Gritsenko, O. V. and Baerends, E. J.},
   urldate = {2016-04-22},
   date = {2016},
}

@article{impLDVR,
   title = "An improved Lobatto discrete variable representation by a phase optimisation and variable mapping method ",
   journal = "Chem. Phys.",
   volume = "458",
   pages = "41 - 51",
   year = "2015",
   issn = "0301-0104",
   doi = "http://dx.doi.org/10.1016/j.chemphys.2015.07.009",
   url = "http://www.sciencedirect.com/science/article/pii/S0301010415001937",
   author = "Dequan Yu and Shu-Lin Cong and Zhigang Sun",
}

@article{coulDVR,
   author = "Peng, Liang-You and Starace, Anthony F.",
   title = "Application of Coulomb wave function discrete variable representation to atomic systems in strong laser fields",
   journal = "JCP",
   year = "2006",
   volume = "125",
   number = "15", 
   eid = 154311,
   url = "http://scitation.aip.org/content/aip/journal/jcp/125/15/10.1063/1.2358351"
}

@phdthesis{dreyer,
   author="Dreyer, Daniel",
   title="Efficient Infinite Elements for Exterior Acoustics",
   school="TU Hamburg-Harburg",
   address="Germany",
   year="2004",
}

@inproceedings{hf_dreyer,
   Author = {Petersen, S. and Dreyer, D. and Estorff, O. von},
   Title = {Practical considerations of the acoustic FEM for higher frequencies.},
   Year = {2004},
   Pages = {307-308},
   Note = {mubve},
   Address = {Stra{\ss}burg},
   Booktitle = {30. Tagung der Arbeitsgemeinschaft f{\"u}r Akustik DAGA 2004}
}

@article{geodes_charge,
   author = {Spackman, Mark A.},
   title = {Potential derived charges using a geodesic point selection scheme},
   journal = {J. Comput. Chem.},
   volume = {17},
   number = {1},
   publisher = {John Wiley \& Sons, Inc.},
   issn = {1096-987X},
   url = {http://dx.doi.org/10.1002/(SICI)1096-987X(19960115)17:1<1::AID-JCC1>3.0.CO;2-V},
   doi = {10.1002/(SICI)1096-987X(19960115)17:1<1::AID-JCC1>3.0.CO;2-V},
   pages = {1--18},
   year = {1996},
}

@article{LiNaRef1,
   author={S Krummacher and V Schmidt and J M Bizau and D L Ederer and P Dhez and F Wuilleumier},
   title={Inner-shell photoemission studies of lithium and sodium vapour},
   journal={J. Phys. B- At. Mol. Opt.},
   volume={15},
   number={23},
   pages={4363},
   url={http://stacks.iop.org/0022-3700/15/i=23/a=019},
   year={1982},
}


@article{bauch1,
   title = {Time-dependent generalized-active-space configuration-interaction approach to photoionization dynamics of atoms and molecules},
   volume = {90},
   issn = {1050-2947, 1094-1622},
   url = {http://link.aps.org/doi/10.1103/PhysRevA.90.062508},
   doi = {10.1103/PhysRevA.90.062508},
   number = {6},
   journal = {Phys. Rev. A},
   author = {Bauch, S. and Sørensen, L. K. and Madsen, L. B.},
   urldate = {2015-11-06},
   date = {2014-12-09},
   langid = {english},
}

@article{bauch2,
   title = {Correlation effects in strong-field ionization of heteronuclear diatomic molecules},
   author = {Larsson, H. R. and Bauch, S. and S\o{}rensen, L. K. and Bonitz, M.},
   journal = {Phys. Rev. A},
   volume = {93},
   issue = {1},
   pages = {013426},
   numpages = {15},
   year = {2016},
   month = {Jan},
   publisher = {American Physical Society},
   doi = {10.1103/PhysRevA.93.013426},
   url = {http://link.aps.org/doi/10.1103/PhysRevA.93.013426}
}

@article{FdFeWavelet,
   title = {Three real-space discretization techniques in electronic structure calculation},
   volume = {243},
   journal = {Physica Status Solidi (B)},
   issn = {1521-3951},
   url = {http://dx.doi.org/10.1002/pssb.200541348},
   doi = {10.1002/pssb.200541348},
   pages = {1016--1053},
   number = {5},
   author = {Torsti, T. and Eirola, T. and Enkovaara, J. and Hakala, T. and Havu, P. and Havu, V. and Höynälänmaa, T. and Ignatius, J. and Lyly, M. and Makkonen, I. and Rantala, T. T. and Ruokolainen, J. and Ruotsalainen, K. and Räsänen, E. and Saarikoski, H. and Puska, M. J.},
   date = {2006},
}

@article{CoulWavelet,
   author = {Jensen, Stig Rune and Jusélius, Jonas and Durdek, Antoine and Flå, Tor and Wind, Peter and Frediani, Luca},
   title = {Linear scaling Coulomb interaction in the multiwavelet basis, a parallel implementation},
   journal = {Int. J. Modeling, Simulation Sci. Comput.},
   volume = {05},
   number = {supp01},
   pages = {1441003},
   year = {2014},
   doi = {10.1142/S1793962314410037},
   URL = {http://www.worldscientific.com/doi/abs/10.1142/S1793962314410037},
   eprint = {http://www.worldscientific.com/doi/pdf/10.1142/S1793962314410037}
}

@article{LiSonntag,
   volume = {55},
   url = {http://stacks.iop.org/0034-4885/55/i=7/a=002},
   title = {XUV spectroscopy of metal atoms},
   pages = {911},
   number = {7},
   journal= {Rep. Prog. Phys.},
   author = {Sonntag, B. and Zimmermann, P.},
   date = {1992},
}

@article{LiCS,
   author={H. P., Saha and Dong, Lin},
   title={Theoretical study of the valence and core photoionization of a three-electron system from lithium to neon},
   journal={J. Phys. B- At. Mol. Opt.},
   volume={30},
   number={7},
   pages={1651},
   url={http://stacks.iop.org/0953-4075/30/i=7/a=006},
   year={1997},
}

@article{H2pDeCleva,
   title = {Variational approach to continuum orbitals in a spline basis: An application to H2+ photoionization},
   volume = {159},
   issn = {03010104},
   url = {http://linkinghub.elsevier.com/retrieve/pii/0301010492800698},
   doi = {10.1016/0301-0104(92)80069-8},
   shorttitle = {Variational approach to continuum orbitals in a spline basis},
   pages = {185--196},
   number = {2},
   journaltitle = {Chem. Phys.},
   author = {Brosolo, M. and Decleva, P.},
   urldate = {2016-04-22},
   date = {1992-01},
}

@article{DeClevaBenzene,
   title = {Valence photoionization of C6H6 by the B-spline one-centre expansion density functional method},
   volume = {234},
   issn = {0301-0104},
   url = {http://www.sciencedirect.com/science/article/pii/S0301010498001797},
   doi = {http://dx.doi.org/10.1016/S0301-0104(98)00179-7},
   journal = "Chem. Phys. ",
   pages = {95 -- 109},
   number = {1},
   author = {Venut, M. and Stener, M. and Decleva, P.},
   date = {1998},
}

@article{CAPccEOM,
   title = {Complex Absorbing Potential Equation-of-Motion Coupled-Cluster Method Yields Smooth and Internally Consistent Potential Energy Surfaces and Lifetimes for Molecular Resonances},
   volume = {5},
   issn = {1948-7185},
   url = {http://pubs.acs.org/doi/abs/10.1021/jz501515j},
   doi = {10.1021/jz501515j},
   pages = {3078--3085},
   number = {17},
   journal = {JPCL},
   author = {Jagau, Thomas-C. and Krylov, Anna I.},
   urldate = {2014-10-13},
   date = {2014-09-04},
}

@article{CAPfreshlook,
   title = {A Fresh Look at Resonances and Complex Absorbing Potentials: Density Matrix-Based Approach},
   volume = {5},
   issn = {1948-7185},
   url = {http://pubs.acs.org/doi/abs/10.1021/jz402482a},
   doi = {10.1021/jz402482a},
   shorttitle = {A Fresh Look at Resonances and Complex Absorbing Potentials},
   pages = {310--315},
   number = {2},
   journal = {JPCL},
   author = {Jagau, Thomas-C. and Zuev, Dmitry and Bravaya, Ksenia B. and Epifanovsky, Evgeny and Krylov, Anna I.},
   date = {2014-01-16},
}

@article{johnson,
   title = "Scattered-Wave Theory of the Chemical Bond* ",
   editor = "Per-Olov Löwdin",
   publisher = "Academic Press",
   year = "1973",
   volume = "7",
   pages = "143 - 185",
   series = "Advances in Quantum Chemistry ",
   issn = "0065-3276",
   doi = "http://dx.doi.org/10.1016/S0065-3276(08)60561-4",
   url = "http://www.sciencedirect.com/science/article/pii/S0065327608605614",
   author = "Keith H. Johnson",
}

@article{SpectDiff,
   title = "Spectral difference methods for solving differential equations ",
   journal = "Chem. Phys. Lett. ",
   volume = "299",
   number = "5",
   pages = "473 - 480",
   year = "1999",
   issn = "0009-2614",
   doi = "http://dx.doi.org/10.1016/S0009-2614(98)01324-4",
   url = "http://www.sciencedirect.com/science/article/pii/S0009261498013244",
   author = "David A. Mazziotti"
}

@article{DiffLinear,
   title = "Studies on the photoionisation of the linear triatomic molecules: N2O, COS, CS2 and CO2 using high-resolution photoelectron spectroscopy",
   journal = "Int. J. Mass Spectrom.",
   volume = "2",
   number = "3",
   pages = "195 -- 220",
   year = "1969",
   issn = "0020-7381",
   doi = "http://dx.doi.org/10.1016/0020-7381(69)80018-5",
   url = "http://www.sciencedirect.com/science/article/pii/0020738169800185",
   author = "C.R. Brundle and D.W. Turner",
}

@article{CO2_highres,
   title = "High resolution angle-resolved photoelectron spectrum of CO2, excited with polarized resonance radiation",
   journal = "J. Electron Spectrosc.",
   volume = "41",
   number = "2",
   pages = "205 -- 223",
   year = "1986",
   issn = "0368-2048",
   doi = "http://dx.doi.org/10.1016/0368-2048(86)85004-6",
   url = "http://www.sciencedirect.com/science/article/pii/0368204886850046",
   author = "H. Veenhuizen and B. Wannberg and L. Mattsson and K.-E. Norell and C. Nohre and L. Karlsson and K. Siegbahn",
}

@article{HighResLinear,
   title = "High resolution UV photoelectron spectroscopy of CO+2, COS+ and CS+2 using supersonic molecular beams",
   journal = "J. Electron Spectrosc.",
   volume = "47",
   pages = "167 - 186",
   year = "1988",
   issn = "0368-2048",
   doi = "http://dx.doi.org/10.1016/0368-2048(88)85010-2",
   url = "http://www.sciencedirect.com/science/article/pii/0368204888850102",
   author = "Lai-Sheng Wang and J.E. Reutt and Y.T. Lee and D.A. Shirley",
}

@article{CO2,
   title = "High-resolution UV photoelectron spectrum of CO2",
   journal = "Chem. Phys.",
   volume = "78",
   number = "3",
   pages = "311 - 318",
   year = "1983",
   issn = "0301-0104",
   doi = "http://dx.doi.org/10.1016/0301-0104(83)85116-7",
   url = "http://www.sciencedirect.com/science/article/pii/0301010483851167",
   author = "I. Reineck and C. Nohre and R. Maripuu and P. Lodin and S.H. Al-Shamma and H. Veenhuizen and L. Karlsson and K. Siegbahn",
}

@article{taoDVR,
   title = {Grid-based methods for diatomic quantum scattering problems: A finite-element discrete-variable representation in prolate spheroidal coordinates},
   author = {Tao, Liang and McCurdy, C. W. and Rescigno, T. N.},
   journal = {Phys. Rev. A},
   volume = {79},
   issue = {1},
   pages = {012719},
   numpages = {9},
   year = {2009},
   month = {Jan},
   publisher = {American Physical Society},
   doi = {10.1103/PhysRevA.79.012719},
   url = {http://link.aps.org/doi/10.1103/PhysRevA.79.012719}
}

@article{richardsFD,
   title = {Molecular photoionisation calculations with numerical continuum wavefunctions: application to the hydrogen molecule},
   volume = {17},
   url = {http://iopscience.iop.org/article/10.1088/0022-3700/17/6/015/meta},
   shorttitle = {Molecular photoionisation calculations with numerical continuum wavefunctions},
   pages = {1015},
   number = {6},
   journal = {J. Phys. B- At. Mol. Opt.},
   author = {Richards, J. A. and Larkins, F. P.},
   urldate = {2016-10-27},
   date = {1984},
}

@article{yipDVR,
   title = {Hybrid orbital and numerical grid representation for electronic continuum processes: Double photoionization of atomic beryllium},
   author = {Yip, F. L. and McCurdy, C. W. and Rescigno, T. N.},
   journal = {Phys. Rev. A},
   volume = {81},
   issue = {5},
   pages = {053407},
   numpages = {8},
   year = {2010},
   month = {May},
   publisher = {American Physical Society},
   doi = {10.1103/PhysRevA.81.053407},
   url = {http://link.aps.org/doi/10.1103/PhysRevA.81.053407}
}

@article{astley2,
   title = {Three-dimensional wave-envelope elements of variable order for acoustic radiation and scattering. Part I. Formulation in the frequency domain},
   volume = {103},
   url = {http://scitation.aip.org/content/asa/journal/jasa/103/1/10.1121/1.421106},
   pages = {49--63},
   number = {1},
   journal = {J. Acoust. Soc. Am.},
   author = {Astley, R. J. and Macaulay, G. J. and Coyette, J. P. and Cremers, L.},
   urldate = {2016-09-12},
   date = {1998},
}

@article{astley3,
   title = {Wave envelope and infinite elements for acoustical radiation},
   volume = {3},
   url = {http://onlinelibrary.wiley.com/doi/10.1002/fld.1650030506/full},
   pages = {507--526},
   number = {5},
   journal = {Int. J. Numer. Meth. Fl.},
   author = {Astley, R. J.},
   urldate = {2016-09-12},
   date = {1983},
}

@article{solution1,
   author = {Yang, Xin and Kiran, Boggavarapu and Wang, Xue-Bin and Wang, Lai-Sheng and Mucha, Martin and Jungwirth, Pavel},
   title = {Solvation of the Azide Anion (N3-) in Water Clusters and Aqueous Interfaces: A Combined Investigation by Photoelectron Spectroscopy, Density Functional Calculations, and Molecular Dynamics Simulations},
   journal = {J. Phys. Chem. A},
   volume = {108},
   number = {39},
   pages = {7820-7826},
   year = {2004},
   doi = {10.1021/jp0496396},
   URL = { http://dx.doi.org/10.1021/jp0496396},
   eprint = {http://dx.doi.org/10.1021/jp0496396},
}

@article{solution2,
   author = {Minofar, Babak and Vrbka, Luboš and Mucha, Martin and Jungwirth, Pavel and Yang, Xin and Wang, Xue-Bin and Fu, You-Jun and Wang, Lai-Sheng},
   title = {Interior and Interfacial Aqueous Solvation of Benzene Dicarboxylate Dianions and Their Methylated Analogues: A Combined Molecular Dynamics and Photoelectron Spectroscopy Study},
   journal = {J. Phys. Chem. A},
   volume = {109},
   number = {23},
   pages = {5042-5049},
   year = {2005},
   doi = {10.1021/jp050836u},
   URL = {http://dx.doi.org/10.1021/jp050836u},
   eprint = { http://dx.doi.org/10.1021/jp050836u},
}

@article{solution3,
   author = {Thürmer, Stephan and Seidel, Robert and Winter, Bernd and Ončák, Milan and Slavíček, Petr},
   title = {Flexible H2O2 in Water: Electronic Structure from Photoelectron Spectroscopy and Ab Initio Calculations},
   journal = {J. Phys. Chem. A},
   volume = {115},
   number = {23},
   pages = {6239-6249},
   year = {2011},
   doi = {10.1021/jp111674s},
   note ={PMID: 21332235},
   URL = { http://dx.doi.org/10.1021/jp111674s},
   eprint = { http://dx.doi.org/10.1021/jp111674s},
}

@article{solution4,
   author ="Etinski, Mihajlo and Marian, Christel M.",
   title  ="Ab initio investigation of the methylation and hydration effects on the electronic spectra of uracil and thymine",
   journal  ="Phys. Chem. Chem. Phys.",
   year  ="2010",
   volume  ="12",
   issue  ="19",
   pages  ="4915-4923",
   publisher  ="The Royal Society of Chemistry",
   doi  ="10.1039/B925677F",
   url  ="http://dx.doi.org/10.1039/B925677F",
}

@article{as1,
   title = {Molecular applications of attosecond laser pulses},
   volume = {578},
   pages = {1--14},
   journal = {Chem. Phys. Lett.},
   author = {Lépine, Franck and {Giuseppe Sansone} and Vrakking, Marc J.J.},
   date = {2013-07-18},
}

@article{as2,
   title = {Real time observation of valence electron motion},
   volume = {466},
   doi = {10.1038/nature09212},
   pages = {739--744},
   journal = {Nature},
   author = {Goulielmakis, Eleftherios and {Zhi-Heng Loh} and Wirth, Adrian and {Robin Santra} and Rohringer, Nina and {Vladislav S. Yakovlev} and Zherebtsov, Sergey and {Thomas Pfeifer} and Azzeer, Abdallah M. and {Matthias F. Kling} and Leone, Stephen R. and {Ferenc Krausz}},
   date = {2010-08-05},
}

@article{as3,
   title = {Electron Correlation in Real Time},
   volume = {13},
   doi = {10.1002/cphc.201100528},
   pages = {661--680},
   number = {3},
   journal = {Chem. Phys. Chem.},
   author = {Sansone, Dr. Giuseppe and {Dr. Thomas Pfeifer} and Simeonidis, Dr. Konstantinos and {Dr. Alexander I. Kuleff}},
   date = {2012},
}

@article{as4,
   title = {Attosecond Electron Dynamics},
   volume = {59},
   issn = {0066-426X, 1545-1593},
   url = {http://www.annualreviews.org/doi/abs/10.1146/annurev.physchem.59.032607.093532},
   doi = {10.1146/annurev.physchem.59.032607.093532},
   pages = {463--492},
   number = {1},
   journal = {Annu. Rev. Phys. Chem},
   author = {Kling, Matthias F. and Vrakking, Marc J.J.},
   date = {2008-05},
}

@article{as6,
   title = {Attosecond physics},
   volume = {81},
   issn = {0034-6861, 1539-0756},
   url = {http://link.aps.org/doi/10.1103/RevModPhys.81.163},
   doi = {10.1103/RevModPhys.81.163},
   pages = {163--234},
   number = {1},
   journal = {Rev. Mod. Phys.},
   author = {Krausz, Ferenc and Ivanov, Misha},
   date = {2009-02-02},
}

@article{as5,
   title = {Attosecond real-time observation of electron tunnelling in atoms},
   volume = {446},
   issn = {0028-0836, 1476-4687},
   url = {http://www.nature.com/doifinder/10.1038/nature05648},
   doi = {10.1038/nature05648},
   pages = {627--632},
   number = {7136},
   journal = {Nature},
   author = {Uiberacker, M. and Uphues, Th. and Schultze, M. and Verhoef, A. J. and Yakovlev, V. and Kling, M. F. and Rauschenberger, J. and Kabachnik, N. M. and Schröder, H. and Lezius, M. and Kompa, K. L. and Muller, H.-G. and Vrakking, M. J. J. and Hendel, S. and Kleineberg, U. and Heinzmann, U. and Drescher, M. and Krausz, F.},
   date = {2007-04-05},
}

@article{koopmansDFT,
   title = {Exact results for the charge and spin densities, exchange-correlation potentials, and density-functional eigenvalues},
   author = {Almbladh, C.-O. and von Barth, U.},
   journal = {Phys. Rev. B},
   volume = {31},
   issue = {6},
   pages = {3231--3244},
   numpages = {0},
   year = {1985},
   month = {Mar},
   publisher = {American Physical Society},
   doi = {10.1103/PhysRevB.31.3231},
   url = {http://link.aps.org/doi/10.1103/PhysRevB.31.3231}
}

@article{Solid2,
   author="Zhuravlev, Yu. N. and Korabelnikov, D. V.",
   title="The nature of the electronic states and photoelectron spectra of oxyanion crystals",
   journal="J. Struct. Chem+",
   year="2009",
   volume="50",
   number="6",
   pages="1021--1028",
   issn="1573-8779",
   doi="10.1007/s10947-009-0151-7",
   url="http://dx.doi.org/10.1007/s10947-009-0151-7"
}

@Inbook{Leckey1992,
   author="Leckey, R.",
   editor="O'Connor, D. John and Sexton, Brett A. and Smart, Roger St. C.",
   title="Ultraviolet Photoelectron Spectroscopy of Solids",
   bookTitle="Surface Analysis Methods in Materials Science",
   year="1992",
   publisher="Springer Berlin Heidelberg",
   address="Berlin, Heidelberg",
   pages="291--300",
   isbn="978-3-662-02767-7",
   doi="10.1007/978-3-662-02767-7_14",
   url="http://dx.doi.org/10.1007/978-3-662-02767-7_14"
}

@book{PSbook,
   author= {Fornberg, Bengt},
   editor = {Ciarlet, P. G. and Iserles, A. and Kohn R. V. and Wright M. H.},
   title= {A Practical Guide to Pseudospectral Methods},
   publisher = {Cambridge University Press},
   year = {1996},
   volume = {1},
   isbn = {0-521-49582-2},
}

@book{SpectMeth,
   title="Spectral Methods in Chemistry and Physics. Applications to Kinetic Theory and Quantum Mechanics",
   author="Shizgal, B.",
   year="2015",
   publisher="Springer Verlag",
   ISBN="978-94-017-9453-4",
   edition="2",
}

@book{Tannor,
   author= {Tannor, David J.},
   title= {Introduction to Quantum Mechanics. A Time-dependent Perspective},
   publisher = {University Science Book},
   year = {2007},
   address = {Sausalito, California},
   isbn = {987-1-891389-23-8},
}

@article{hhg,
   title = {Theory of intense-field dynamic alignment and high-order harmonic generation from coherently rotating molecules and interpretation of intense-field ultrafast pump-probe experiments},
   author = {Abdurrouf, A. and Faisal, F. H. M.},
   journal = {Phys. Rev. A},
   volume = {79},
   issue = {2},
   pages = {023405},
   numpages = {28},
   year = {2009},
   month = {Feb},
   publisher = {American Physical Society},
   doi = {10.1103/PhysRevA.79.023405},
   url = {http://link.aps.org/doi/10.1103/PhysRevA.79.023405}
}

@article{zhangHHG,
   title = {Enhancement of high-order harmonic generation in intense laser interactions with solid density plasma by multiple reflections and harmonic amplification},
   volume = {106},
   issn = {0003-6951, 1077-3118},
   url = {http://scitation.aip.org/content/aip/journal/apl/106/13/10.1063/1.4916739},
   doi = {10.1063/1.4916739},
   pages = {131102},
   number = {13},
   journal = {App. Phys. Lett.},
   author = {Zhang, Peng and Thomas, A. G. R.},
   date = {2015-03-30},
}

@article{dromey_HHG,
   title = {High harmonic generation in the relativistic limit},
   volume = {2},
   issn = {1745-2473, 1745-2481},
   url = {http://www.nature.com/doifinder/10.1038/nphys338},
   doi = {10.1038/nphys338},
   pages = {456--459},
   number = {7},
   journal = {Nature Phys.},
   author = {Dromey, B. and Zepf, M. and Gopal, A. and Lancaster, K. and Wei, M. S. and Krushelnick, K. and Tatarakis, M. and Vakakis, N. and Moustaizis, S. and Kodama, R. and Tampo, M. and Stoeckl, C. and Clarke, R. and Habara, H. and Neely, D. and Karsch, S. and Norreys, P.},
   urldate = {2016-06-20},
   date = {2006-07},
}

@article{DO_TDDFT,
   title = {Calculation of photodetachment cross sections and photoelectron angular distributions of negative ions using density functional theory},
   volume = {143},
   issn = {0021-9606, 1089-7690},
   url = {http://scitation.aip.org/content/aip/journal/jcp/143/14/10.1063/1.4932978},
   doi = {10.1063/1.4932978},
   pages = {144310},
   number = {14},
   journal= {J. Chem. Phys.},
   author = {Liu, Yuan and Ning, Chuangang},
   date = {2015-10-14},
}

@article{do_orthonorm,
   author = "Humeniuk, Alexander and Wohlgemuth, Matthias and Suzuki, Toshinori and Mitrić, Roland",
   title = "Time-resolved photoelectron imaging spectra from non-adiabatic molecular dynamics simulations",
   journal = "J. Chem. Phys.",
   year = "2013",
   volume = "139",
   number = "13", 
   eid = 134104,
   url = "http://scitation.aip.org/content/aip/journal/jcp/139/13/10.1063/1.4820238;jsessionid=ZOWu67nxZQEHrGjQqYyeZghU.x-aip-live-03",
   doi = "http://dx.doi.org/10.1063/1.4820238" 
}


@article{do_orthonorm1,
   author = {Tomasello, Gaia and Humeniuk, Alexander and Mitrić, Roland},
   title = {Exploring Ultrafast Dynamics of Pyrazine by Time-Resolved Photoelectron Imaging},
   journal = {J. Phys. Chem. A},
   volume = {118},
   number = {37},
   pages = {8437-8445},
   year = {2014},
   doi = {10.1021/jp5017328},
   note ={PMID: 24927218},
   URL = { http://dx.doi.org/10.1021/jp5017328},
   eprint = { http://dx.doi.org/10.1021/jp5017328}
}

@book{femBraess,
   author= {Braess, Dietrich},
   title= {Finite Elemente},
   publisher = {Springer},
   year = {2007},
   edition = {4},
   address = {Heidelberg},
   isbn = {978-3-540-72449-0},
}

@book{femGilbarg,
   author={Gilbarg, David},
   title ={Elliptic Partial Differential Equations of Second Order},
   year={1983},
   address={Berlin},
   publisher={1983},
   isbn={0-387-13025-X},
}

@misc{g09,
   author="M. J. Frisch and G. W. Trucks and H. B. Schlegel and G. E. Scuseria and M. A. Robb and J. R. Cheeseman and G. Scalmani and V. Barone and B. Mennucci and G. A. Petersson and H. Nakatsuji and M. Caricato and X. Li and H. P. Hratchian and A. F. Izmaylov and J. Bloino and G. Zheng and J. L. Sonnenberg and M. Hada and M. Ehara and K. Toyota and R. Fukuda and J. Hasegawa and M. Ishida and T. Nakajima and Y. Honda and O. Kitao and H. Nakai and T. Vreven and Montgomery, {Jr.}, J. A. and J. E. Peralta and F. Ogliaro and M. Bearpark and J. J. Heyd and E. Brothers and K. N. Kudin and V. N. Staroverov and R. Kobayashi and J. Normand and K. Raghavachari and A. Rendell and J. C. Burant and S. S. Iyengar and J. Tomasi and M. Cossi and N. Rega and J. M. Millam and M. Klene and J. E. Knox and J. B. Cross and V. Bakken and C. Adamo and J. Jaramillo and R. Gomperts and R. E. Stratmann and O. Yazyev and A. J. Austin and R. Cammi and C. Pomelli and J. W. Ochterski and R. L. Martin and K. Morokuma and V. G. Zakrzewski and G. A. Voth and P. Salvador and J. J. Dannenberg and S. Dapprich and A. D. Daniels and Ö. Farkas and J. B. Foresman and J. V. Ortiz and J. Cioslowski and D. J. Fox",
   title="Gaussian~09 {R}evision {E}.01",
   note="Gaussian Inc. Wallingford CT 2009"
}

@book{Lifschitz,
   author={Landau, L. D. and Lifschitz, E.M.},
   title = {Quantenmechanik},
   edition = {9},
   publisher={Akademie-Verlag},
   address={Berlin},
   year={1979},
}

%@article{bawagan,  UNUSED
%   title = {Electron momentum spectroscopy of the valence orbitals of H2O and D2O: Quantitative comparisons using Hartree—Fock limit and correlated wavefunctions},
%   volume = {113},
%   issn = {03010104},
%   url = {http://linkinghub.elsevier.com/retrieve/pii/0301010487802173},
%   doi = {10.1016/0301-0104(87)80217-3},
%   shorttitle = {Electron momentum spectroscopy of the valence orbitals of H2O and D2O},
%   pages = {19--42},
%   number = {1},
%   journal = {Chem. Phys.},
%   author = {Bawagan, A.O. and Brion, C.E. and Davidson, E.R. and Feller, D.},
%   date = {1987-04},
%}

@article{hafied,
   title = {Electron momentum spectroscopy of the valence orbitals of the water molecule in gas and liquid phase: A comparative study},
   volume = {439},
   issn = {00092614},
   url = {http://linkinghub.elsevier.com/retrieve/pii/S0009261407003752},
   doi = {10.1016/j.cplett.2007.03.067},
   shorttitle = {Electron momentum spectroscopy of the valence orbitals of the water molecule in gas and liquid phase},
   pages = {55--59},
   number = {1},
   journal = {Chem. Phys. Letters},
   author = {Hafied, H. and Eschenbrenner, A. and Champion, C. and Ruiz-López, M.F. and Cappello, C. Dal and Charpentier, I. and Hervieux, P.-A.},
   date = {2007-05},
}

@article{Bokareva,
   title = {Tuning Range-Separated Density Functional Theory for Photocatalytic Water Splitting Systems},
   volume = {11},
   issn = {1549-9618, 1549-9626},
   url = {http://pubs.acs.org/doi/abs/10.1021/acs.jctc.5b00068},
   doi = {10.1021/acs.jctc.5b00068},
   pages = {1700--1709},
   number = {4},
   journal = {J. Chem. Theory Comp.},
   author = {Bokareva, Olga S. and Grell, Gilbert and Bokarev, Sergey I. and Kühn, Oliver},
   date = {2015-04-14},
}

@article{Gerber,
   title = "Potential curves for alkaline-earth dimers by density functional theory with long-range correlation corrections ",
   journal = "Chem. Phys. Letters ",
   volume = "416",
   number = "4–6",
   pages = "370 - 375",
   year = "2005",
   issn = "0009-2614",
   doi = "http://dx.doi.org/10.1016/j.cplett.2005.09.059",
   url = "http://www.sciencedirect.com/science/article/pii/S0009261405014314",
   author = "Iann C. Gerber and János G. Ángyán"
}

@article{Gerber2,
   title = "Hybrid functional with separated range ",
   journal = "Chem. Phys. Letters ",
   volume = "415",
   number = "1–3",
   pages = "100 - 105",
   year = "2005",
   issn = "0009-2614",
   doi = "http://dx.doi.org/10.1016/j.cplett.2005.08.060",
   url = "http://www.sciencedirect.com/science/article/pii/S0009261405012455",
   author = "Iann C. Gerber and János G. Ángyán"
}

@article{cederbADC,
   title = {New approach to the one-particle Green's function for finite Fermi systems},
   author = {Schirmer, J. and Cederbaum, L. S. and Walter, O.},
   journal = {Phys. Rev. A},
   volume = {28},
   issue = {3},
   pages = {1237--1259},
   numpages = {0},
   year = {1983},
   month = {Sep},
   publisher = {American Physical Society},
   doi = {10.1103/PhysRevA.28.1237},
   url = {http://link.aps.org/doi/10.1103/PhysRevA.28.1237}
}

@book{femCiarlet,
   author={Ciarlet, Philippe G.},
   title = {The Finite Element Method for Elliptic Problems},
   publisher={SIAM},
   address={Amsterdam and others},
   year={2002},
}

@article{slepc1,
   author  = "Vicente Hernandez and Jose E. Roman and Vicente Vidal",
   title   = "{SLEPc}: A scalable and flexible toolkit for the solution of eigenvalue problems",
   journal = "{ACM} Trans. Math. Software",
   volume  = "31",
   number  = "3",
   pages   = "351--362",
   year    = "2005"
}

@article{slepc2,
   author  = "V. Hernandez and J. E. Roman and V. Vidal",
   title   = "{SLEPc}: {S}calable {L}ibrary for {E}igenvalue {P}roblem {C}omputations",
   journal = "Lect. Notes Comput. Sci.",
   volume  = "2565",
   pages   = "377--391",
   year    = "2003"
}

@Misc{petsc,
   author = {Satish Balay and Shrirang Abhyankar and Mark~F. Adams and Jed Brown and Peter Brune
         and Kris Buschelman and Lisandro Dalcin and Victor Eijkhout and William~D. Gropp
         and Dinesh Kaushik and Matthew~G. Knepley
         and Lois Curfman McInnes and Karl Rupp and Barry~F. Smith
         and Stefano Zampini and Hong Zhang and Hong Zhang},
   title =  {{PETS}c {W}eb page},
   url =    {http://www.mcs.anl.gov/petsc},
   howpublished = {\url{http://www.mcs.anl.gov/petsc}},
   year = {2016}
}

@article{MufTin,
   author={F Beleznay and M J Lawrence},
   title={The `muffin-tin' approximation in the calculation of electronic band structure},
   journal={J. Phys. C Solid State},
   volume={1},
   number={5},
   pages={1288},
   url={http://stacks.iop.org/0022-3719/1/i=5/a=317},
   year={1968},
}

@article{MufTin1,
   title = {Shifts in the Electronic Band Structure of Metals Due to Non-Muffin-Tin Potentials},
   author = {Koelling, D. D. and Freeman, A. J. and Mueller, F. M.},
   journal = {Phys. Rev. B},
   volume = {1},
   issue = {4},
   pages = {1318--1324},
   numpages = {0},
   year = {1970},
   month = {Feb},
   publisher = {American Physical Society},
   doi = {10.1103/PhysRevB.1.1318},
   url = {http://link.aps.org/doi/10.1103/PhysRevB.1.1318}
}


@article{fluid1,
   title = "The viscous curtain: General formulation and finite-element solution for the stability of flowing viscous sheets ",
   journal = "J. Mech. Phys. Solids",
   volume = "96",
   pages = "291 - 311",
   year = "2016",
   issn = "0022-5096",
   doi = "http://dx.doi.org/10.1016/j.jmps.2016.07.015",
   url = "http://www.sciencedirect.com/science/article/pii/S0022509616302940",
   author = "C. Perdigou and B. Audoly",
}

@article{fluid2,
   author = {F.~Ballarin and E.~Faggiano and S.~Ippolito and A.~Manzoni and A.~Quarteroni and G.~Rozza and R.~Scrofani},
   title = {{Fast simulations of patient-specific haemodynamics of coronary artery
   bypass grafts based on a POD-Galerkin method and a vascular shape parametrization}},
   journal = {J. Comput. Phys.},
   month = jun,
   year = 2016,
   volume = 315,
   pages = {609--628},
   url={http://dx.doi.org/10.1016/j.jcp.2016.03.065},
}

@inproceedings{heat1,
   author = {H.~Huang and B.~W.~Spencer},
   title = {{Grizzly model of fully coupled heat transfer, moisture diffusion, alkali-silica reaction and fracturing processes in concrete}},
   booktitle = {{Proceedings of the 9th International Conference on Fracture Mechanics of Concrete and Concrete Structures (FraMCoS-9), Berkeley, CA}},
   editor = {V.~Saouma and J.~Bolander and E.~Landis},
   month = may # {~30--} # jun # {~1,},
   year = 2016,
   note = {Paper 194},
   url={http://dx.doi.org/10.21012/FC9.194}
}

@article{heat2,
   AUTHOR = {L\"uthi, M. P. and Ryser, C. and Andrews, L. C. and Catania, G. A. and Funk, M. and Hawley, R. L. and Hoffman, M. J. and Neumann, T. A.},
   TITLE = {Heat sources within the Greenland Ice Sheet: dissipation, temperate paleo-firn and cryo-hydrologic warming},
   JOURNAL = {The Cryosphere},
   VOLUME = {9},
   YEAR = {2015},
   NUMBER = {1},
   PAGES = {245--253},
   URL = {http://www.the-cryosphere.net/9/245/2015/},
   DOI = {10.5194/tc-9-245-2015}
}

@inproceedings{heat3,
   author = {P.~Bauman and J.~Jagodzinski and B.~S.~Kirk},
   title = {{Statistical calibration of thermocouple gauges used for inferring heat flux}},
   booktitle = {{42nd AIAA Thermophysics Conference, Fluid Dynamics and Co-located Conferences}},
   month = jun # {~27--30,},
   year = {2011},
   note = {\url{http://dx.doi.org/10.2514/6.2011-3779}}
}

@article{deform1,
   title = {A feasibility study on the use of the MOOSE computational framework to simulate three-dimensional deformation of CANDU reactor fuel elements },
   journal = "Nuc. Eng. Des.",
   volume = "293",
   pages = "385 - 394",
   year = "2015",
   issn = "0029-5493",
   doi = "http://dx.doi.org/10.1016/j.nucengdes.2015.07.028",
   url = "http://www.sciencedirect.com/science/article/pii/S0029549315002988",
   author = "Kyle A. Gamble and Anthony F. Williams and Paul K. Chan and Diane Wowk"
}

@Article{deform2,
   author="Yang, Xianfeng
   and Zhang, Zhiqiang
   and Yang, Jialing
   and Sun, Yuxin",
   title="Fluid--structure interaction analysis of the drop impact test for helicopter fuel tank",
   journal="SpringerPlus",
   year="2016",
   volume="5",
   number="1",
   pages="1573",
   issn="2193-1801",
   doi="10.1186/s40064-016-3040-5",
   url="http://dx.doi.org/10.1186/s40064-016-3040-5"
}

@article{davidson,
   author  = "E. Romero and J. E. Roman",
   title   = "A parallel implementation of {Davidson} methods for large-scale eigenvalue problems in {SLEPc}",
   journal = "{ACM} Trans. Math. Software",
   volume  = "40",
   number  = "2",
   pages   = "13:1--13:29",
   year    = "2014",
   issn = {0098-3500},
   articleno = {13},
   numpages = {29},
   url = {http://doi.acm.org/10.1145/2543696},
   doi = {10.1145/2543696},
}

@article{arnoldi,
   title = "Parallel Arnoldi eigensolvers with enhanced scalability via global communications rearrangement ",
   journal = "Parallel Comput.",
   volume = "33",
   number = "7–8",
   pages = "521 - 540",
   year = "2007",
   issn = "0167-8191",
   doi = "http://dx.doi.org/10.1016/j.parco.2007.04.004",
   url = "http://www.sciencedirect.com/science/article/pii/S0167819107000622",
   author = "V. Hernandez and J.E. Roman and A. Tomas",
}

@article{gpusolver,
   title = "GPU computing with Kaczmarz’s and other iterative algorithms for linear systems ",
   journal = "Parallel Comput.",
   volume = "36",
   number = "5–6",
   pages = "215 - 231",
   year = "2010",
   note = "Parallel Matrix Algorithms and Applications ",
   issn = "0167-8191",
   doi = "http://dx.doi.org/10.1016/j.parco.2009.12.003",
   url = "http://www.sciencedirect.com/science/article/pii/S0167819109001252",
   author = "Joseph M. Elble and Nikolaos V. Sahinidis and Panagiotis Vouzis",
}

@article{krylov,
   author = "Furche, Filipp and Krull, Brandon T. and Nguyen, Brian D. and Kwon, Jake",
   title = "Accelerating molecular property calculations with nonorthonormal Krylov space methods",
   journal = "J. Chem. Phys.",
   year = "2016",
   volume = "144",
   number = "17", 
   eid = 174105,
   url = "http://scitation.aip.org/content/aip/journal/jcp/144/17/10.1063/1.4947245",
   doi = "http://dx.doi.org/10.1063/1.4947245",
}

@book{waveletLA,
   author={Frazier, Michael W.},
   title = {An Introduction to Wavelets Through Linear Algebra},
   publisher={Springer},
   address={New York},
   year={1999},
   isbn={0-387-98639-1},
}

@phdthesis{dahlke,
   author="Dahlke, Stephan",
   title="Wavelets: Construction Principles and Applications to the Numerical Treatment of Operator Equations",
   school="RWTH Aachen",
   address="Germany",
   year="1996",
   publisher="Shaker Verlag",
}

@book{kunoth,
   title="Wavelet Methods- Ellipting Boundary Value Problems and Control Problems",
   author="Kunoth, Angela",
   edition="1",
   year="2001",
   publisher="Teubner",
   isbn="3-519-00327-9",
}

@techreport{iso15444,
   type={Standard},
   key ={ISO 15444},
   month={12},
   year={2004},
   title={Information technology -- JPEG 2000 image coding system: Conformance testing},
   institution={International Organization for Standardization},
   url={http://standards.iso.org/ittf/PubliclyAvailableStandards/ISO_IEC_15444-4_2004_Conformance_Testing/}
}

@article{Tasche,
   title = "On the Computation of Periodic Spline Wavelets",
   journal={Appl. Comput. Harmonic Anal. 2},
   volume = "2",
   number = "1",
   pages = "1 - 14",
   year = "1995",
   issn = "1063-5203",
   doi = "http://dx.doi.org/10.1006/acha.1995.1001",
   url = "http://www.sciencedirect.com/science/article/pii/S1063520385710019",
   author = "Gerlind Plonka and Manfred Tasche",
}

@article{voronoi,
   author = {Aurenhammer, Franz},
   title = {Voronoi Diagrams\& Mdash;a Survey of a Fundamental Geometric Data Structure},
   journal = {ACM Comput. Surv.},
   issue_date = {Sept. 1991},
   volume = {23},
   number = {3},
   month = sep,
   year = {1991},
   issn = {0360-0300},
   pages = {345--405},
   numpages = {61},
   url = {http://doi.acm.org/10.1145/116873.116880},
   doi = {10.1145/116873.116880},
   acmid = {116880},
   publisher = {ACM},
   address = {New York, NY, USA},
}

@article{voronoi1,
   title = {Voronoi cell finite difference method for the diffusion operator on arbitrary unstructured grids},
   volume = {57},
   url = {http://onlinelibrary.wiley.com/doi/10.1002/nme.664/full},
   pages = {1--34},
   number = {1},
   journal = {Int. J. Numer. Meth. Eng.},
   author = {Sukumar, N.},
   date = {2003},
}

@article{voronoi2,
   title = "Grid generation and optimization based on centroidal Voronoi tessellations ",
   journal = "Appl. Math. Comput. ",
   volume = "133",
   number = "2–3",
   pages = "591 - 607",
   year = "2002",
   issn = "0096-3003",
   doi = "http://dx.doi.org/10.1016/S0096-3003(01)00260-0",
   url = "http://www.sciencedirect.com/science/article/pii/S0096300301002600",
   author = "Qiang Du and Max Gunzburger",
}

@book{delaunay,
   title={Delaunay Mesh Generation},
   author={Cheng, Siu-Wing  and Dey,  Tamal K.and Shewchuk, Jonathan },
   edition={1},
   isbn={9781584887300},
   publisher={Taylor \& Francis},
   year={2012},
}

@article{Womersley2001,
   author="Womersley, Robert S. and Sloan, Ian H.",
   title="How good can polynomial interpolation on the sphere be?",
   journal="Adv. Comput. Math.",
   year="2001",
   volume="14",
   number="3",
   pages="195--226",
   issn="1572-9044",
   doi="10.1023/A:1016630227163",
   url="http://dx.doi.org/10.1023/A:1016630227163"
}

@article{Sloan,
   title = "Good approximation on the sphere, with application to geodesy and the scattering of sound ",
   journal = "J. Comput. Appl. Math. ",
   volume = "149",
   number = "1",
   pages = "227 - 237",
   year = "2002",
   note = "Scientific and Engineering Computations for the 21st Century - Me thodologies and Applications Proceedings of the 15th Toyota Conference ",
   issn = "0377-0427",
   doi = "http://dx.doi.org/10.1016/S0377-0427(02)00532-0",
   url = "http://www.sciencedirect.com/science/article/pii/S0377042702005320",
   author = "Ian H. Sloan and Robert S. Womersley",
}

@article{lebedev,
   author={Lebedev,V.I. and Laikov, D.N.},
   title= {A quadrature formula for the sphere of the 131stalgebraic order of accuracy},
   journal={Dokl. Math.},
   volume={59},
   number={3},
   year={1999},
   pages={477--481},
}

@article{lebedev2,
   title = "Difference analogues of orthogonal decompositions, basic differential operators and some boundary problems of mathematical physics. II",
   journal = "USSR Comp. Math. Math+",
   volume = "4",
   number = "4",
   pages = "36 - 50",
   year = "1964",
   issn = "0041-5553",
   doi = "http://dx.doi.org/10.1016/0041-5553(64)90003-5",
   url = "http://www.sciencedirect.com/science/article/pii/0041555364900035",
   author = "V.I. Lebedev",
}

@article{LebQC1,
   author = {Chien, Siu-Hung and Gill, Peter M. W.},
   title = {SG-0: A small standard grid for DFT quadrature on large systems},
   journal = {J. Comput. Chem.},
   volume = {27},
   number = {6},
   publisher = {Wiley Subscription Services, Inc., A Wiley Company},
   issn = {1096-987X},
   url = {http://dx.doi.org/10.1002/jcc.20383},
   doi = {10.1002/jcc.20383},
   pages = {730--739},
   keywords = {DFT, quadrature, grid error, numerical integration, standard quadrature grid},
   year = {2006},
}

@article{LebQC2,
   author = {Wang, Xiao-Gang and Carrington, Tucker},
   title={Using Lebedev Grids, Sine Spherical Harmonics, and monomer Contracted Basis Functions to Calculate Bending Energy Levels of HF Trimer},
   journal = {J. Theor. Comp. Chem.},
   volume = {02},
   number = {04},
   pages = {599-608},
   year = {2003},
   doi = {10.1142/S0219633603000720},
   URL = {http://www.worldscientific.com/doi/abs/10.1142/S0219633603000720},
   eprint = {http://www.worldscientific.com/doi/pdf/10.1142/S0219633603000720}
}

@article{lebDFT,
   author = "Parrish, Robert M. and Hohenstein, Edward G. and Martínez, Todd J. and Sherrill, C. David",
   title = "Discrete variable representation in electronic structure theory: Quadrature grids for least-squares tensor hypercontraction",
   journal = "J. of Chem. Phys.",
   year = "2013",
   volume = "138",
   number = "19", 
   eid = 194107,
   url = "http://scitation.aip.org/content/aip/journal/jcp/138/19/10.1063/1.4802773",
   doi = "http://dx.doi.org/10.1063/1.4802773" 
}

@article{lebDFT2,
   title = "Interpolation density values on a cartesian grid: Improving the efficiency of Lebedev based numerical integration in Kohn–Sham density functional algorithms ",
   journal = "Chem. Phys. Letters ",
   volume = "418",
   number = "4–6",
   pages = "490 - 495",
   year = "2006",
   issn = "0009-2614",
   doi = "http://dx.doi.org/10.1016/j.cplett.2005.10.098",
   url = "http://www.sciencedirect.com/science/article/pii/S0009261405016477",
   author = "Shawn T. Brown and László Füsti-Molnár and Jing Kong"
}

@article{t-design1,
   author="Hardin, R. H.
   and Sloane, N. J. A.",
   title="McLaren's improved snub cube and other new spherical designs in three dimensions",
   journal="Discrete {\&} Computational Geometry",
   year="1996",
   volume="15",
   number="4",
   pages="429--441",
   issn="1432-0444",
   doi="10.1007/BF02711518",
   url="http://dx.doi.org/10.1007/BF02711518"
}

@article{t-design2,
   author="Bannai, Eiichi and Bannai, Etsuko and Zhu, Yan",
   title="A survey on tight Euclidean t-designs and tight relative t-designs in certain association schemes",
   journal="P. Steklov Inst. Math.",
   year="2015",
   volume="288",
   number="1",
   pages="189--202",
   issn="1531-8605",
   doi="10.1134/S0081543815010149",
   url="http://dx.doi.org/10.1134/S0081543815010149"
}

%@article{McCarthy, UNUSED
%   author = {McCarthy, I. E.},
%   title = {Electronic Structure of Atoms, Molecules and Solids from (e,2e) Studies},
%   journal = {Aust. J. Phys.},
%   issue_date = {1990},
%   volume = {43},
%   number = {4-5},
%   month = jan,
%   year = {1991},
%   issn = {0004-9506},
%   pages = {419--437},
%   numpages = {19},
%   url = {http://dl.acm.org/citation.cfm?id=117499.117502},
%   acmid = {117502},
%   publisher = {Commonwealth Scientific and Industrial Research Organization},
%   address = {East Melbourne, Victoria, Australia, Australia},
%}

@article{HohenbergKohn,
   title = {Inhomogeneous Electron Gas},
   author = {Hohenberg, P. and Kohn, W.},
   journal = {Phys. Rev.},
   volume = {136},
   issue = {3B},
   pages = {B864--B871},
   numpages = {0},
   year = {1964},
   month = {Nov},
   publisher = {American Physical Society},
   doi = {10.1103/PhysRev.136.B864},
   url = {http://link.aps.org/doi/10.1103/PhysRev.136.B864}
}

@article{KohnSham,
   title = {Self-Consistent Equations Including Exchange and Correlation Effects},
   author = {Kohn, W. and Sham, L. J.},
   journal = {Phys. Rev.},
   volume = {140},
   issue = {4A},
   pages = {A1133--A1138},
   numpages = {0},
   year = {1965},
   month = {Nov},
   publisher = {American Physical Society},
   doi = {10.1103/PhysRev.140.A1133},
   url = {http://link.aps.org/doi/10.1103/PhysRev.140.A1133}
}

@article{bettessHarmonic,
   title = {Finite and infinite elements for a simple problem in quantum mechanics},
   volume = {18},
   url = {http://onlinelibrary.wiley.com/doi/10.1002/cnm.488/abstract},
   pages = {325--334},
   number = {5},
   journal = {Commun. Numer. Meth En.},
   author = {Bettess, Peter and Abram, Richard A.},
   date = {2002},
}

@article{sobaMolecule,
   title = {Real-space density functional theory and time dependent density functional theory using finite/infinite element methods},
   volume = {183},
   issn = {00104655},
   url = {http://linkinghub.elsevier.com/retrieve/pii/S0010465512002354},
   doi = {10.1016/j.cpc.2012.07.007},
   pages = {2581--2588},
   number = {12},
   journal = {Comp. Phys. Comm.},
   date = {2012-12},
   author = {Soba, Alejandro and Bea, Edgar Alejandro and Houzeaux, Guillaume and Calmet, Hadrien and Cela, José María},
}

@book{quirky,
   author="Michelsen, Eric L.",
   title ="Quirky Quantum Concepts",
   isbn="978-1-4614-9305-1",
   publisher="Springer",
   doi="10.1007/978-1-4614-9305-1",
   year="2014",
}

@article {AstleyMM,
   author = {Astley, R. J.},
   title = {FE mode-matching schemes for the exterior Helmholtz problem and their relationship to the FE-DtN approach},
   journal = {Commun. Numer. Meth En.},
   volume = {12},
   number = {4},
   publisher = {John Wiley \& Sons, Ltd},
   issn = {1099-0887},
   url = {http://dx.doi.org/10.1002/(SICI)1099-0887(199604)12:4<257::AID-CNM977>3.0.CO;2-8},
   doi = {10.1002/(SICI)1099-0887(199604)12:4<257::AID-CNM977>3.0.CO;2-8},
   pages = {257--267},
   keywords = {mode-matching, Helmholtz' equation, DtN, finite element},
   year = {1996},
}

@article{Engquist,
   AUTHOR = {Engquist, Bjorn and Majda, Andrew},
   TITLE = {Absorbing boundary conditions for the numerical simulation of waves},
   JOURNAL = {Math. Comp.},
   FJOURNAL = {Mathematics of Computation},
   VOLUME = {31},
   YEAR = {1977},
   NUMBER = {139},
   PAGES = {629--651},
   ISSN = {0025-5718},
   CLASS = {65M05 (65N99)},
   NUMBER = {0436612},
   REVIEWER = {M. N. L. Narasimhan},
}

@article{bem1,
   title = "A BEM formulation of two dimensional steady state heat conduction in exchanger tubes of arbitrary cross sections ",
   journal = "Int. J. Heat Mass Tran. ",
   volume = "106",
   pages = "195 - 211",
   year = "2017",
   issn = "0017-9310",
   doi = "http://dx.doi.org/10.1016/j.ijheatmasstransfer.2016.10.055",
   url = "http://www.sciencedirect.com/science/article/pii/S0017931016318452",
   author = "Santosh Kumar Rana and Amit Jena",
}

@article{bem2,
   title = "An isogeometric boundary element method for three dimensional potential problems ",
   journal = "J. Comput. Appl. Math. ",
   volume = "313",
   pages = "454 - 468",
   year = "2017",
   issn = "0377-0427",
   doi = "http://dx.doi.org/10.1016/j.cam.2016.10.003",
   url = "http://www.sciencedirect.com/science/article/pii/S0377042716304824",
   author = "Y.P. Gong and C.Y. Dong and X.C. Qin",
}

@article{bem3,
   author = {Wu, Haijun and Liu, Yijun and Jiang, Weikang and Lu, Wenbo},
   title = {A Fast Multipole Boundary Element Method for Three-Dimensional Half-Space Acoustic Wave Problems Over an Impedance Plane},
   journal = {Int. J. Comput. Meth.},
   volume = {12},
   number = {01},
   pages = {1350090},
   year = {2015},
   doi = {10.1142/S0219876213500904},
   URL = {http://www.worldscientific.com/doi/abs/10.1142/S0219876213500904},
}

@book{fgr,
   author="Fermi, Enrico",
   title="Nuclear Physics",
   publisher="University of Chicago Press",
   isbn="978-0226243658",
   year="1949",
   address="Chicago"
}

@article{saPonzi,
   author = "Ponzi, Aurora and Angeli, Celestino and Cimiraglia, Renzo and Coriani, Sonia and Decleva, Piero",
   title = "Dynamical photoionization observables of the CS molecule: The role of electron correlation",
   journal = "J. Chem. Phys.",
   year = "2014",
   volume = "140",
   number = "20", 
   eid = 204304,
   url = "http://scitation.aip.org/content/aip/journal/jcp/140/20/10.1063/1.4876495;jsessionid=dbSgLUxjDBO1VDPzUQfI-F5R.x-aip-live-02",
   doi = "http://dx.doi.org/10.1063/1.4876495" 
}

@article{saAberg,
   title = {Theory of X-Ray Satellites},
   author = {\AA{}berg, Teijo},
   journal = {Phys. Rev.},
   volume = {156},
   issue = {1},
   pages = {35--41},
   numpages = {0},
   year = {1967},
   month = {Apr},
   publisher = {American Physical Society},
   doi = {10.1103/PhysRev.156.35},
   url = {http://link.aps.org/doi/10.1103/PhysRev.156.35}
}

@article{saGonzales,
   author={Ruckenbauer, Matthias and Mai, Sebastian and Marquetand, Philipp and González, Leticia},
   title={Revealing Deactivation Pathways Hidden in Time-Resolved Photoelectron Spectra},
   journal={Sci. Rep.},
   year={2016},
   voluem={6},
   pages={35522},
   url={http://dx.doi.org/10.1038/srep35522},
   doi={10.1038/srep35522},
}

@article{YepesJaque,
   author = {Diana Yepes and Robert Seidel and Bernd Winter and Jochen Blumberger and Pablo Jaque},
   title = {Photoemission Spectra and Density Functional Theory Calculations of 3d Transition Metal--Aqua Complexes (Ti–Cu) in Aqueous Solution},
   journal = {J. Phys. Chem. B},
   volume = {118},
   number = {24},
   pages = {6850-6863},
   year = {2014},
   doi = {10.1021/jp5012389},
   note ={PMID: 24902000},
   URL = {http://dx.doi.org/10.1021/jp5012389},
}

@article{EggerKronik,
   author = {David A. Egger and Shira Weissman and Sivan Refaely-Abramson and Sahar Sharifzadeh and Matthias Dauth and Roi Baer and Stephan Kümmel and Jeffrey B. Neaton and Egbert Zojer and Leeor Kronik},
   title = {Outer-valence Electron Spectra of Prototypical Aromatic Heterocycles from an Optimally Tuned Range-Separated Hybrid Functional},
   journal = {J. Chem. Theory Comput.},
   volume = {10},
   number = {5},
   pages = {1934-1952},
   year = {2014},
   doi = {10.1021/ct400956h},
   url={http://pubs.acs.org/doi/abs/10.1021/ct400956h},
   note ={PMID: 24839410},
}

@article{slaterJohn,
   title = {Self-Consistent-Field $X\ensuremath{\alpha}$ Cluster Method for Polyatomic Molecules and Solids},
   author = {Slater, J. C. and Johnson, K. H.},
   journal = {Phys. Rev. B},
   volume = {5},
   issue = {3},
   pages = {844--853},
   numpages = {0},
   year = {1972},
   month = {Feb},
   publisher = {American Physical Society},
   doi = {10.1103/PhysRevB.5.844},
   url = {http://link.aps.org/doi/10.1103/PhysRevB.5.844}
}

@article{radau,
   author = {Sun, Zhigang and Lou, Nanquan and Nyman, Gunnar},
   title = {Time-Dependent Wave Packet Split Operator Calculations on a Three-Dimensional Fourier Grid in Radau Coordinates Applied to the OClO Photoelectron Spectrum},
   journal = {J. Phys. Chem. A},
   volume = {108},
   number = {42},
   pages = {9226-9232},
   year = {2004},
   doi = {10.1021/jp0477203},
   URL = { http://dx.doi.org/10.1021/jp0477203},
   eprint = { http://dx.doi.org/10.1021/jp0477203}
}

@article{jacobi,
   author = {Krishnan, Gireesh M. and Ghosal, Subhas and Mahapatra, Susanta},
   title = {Theoretical Study of the Electronic Nonadiabatic Transitions in the Photoelectron Spectroscopy of F2O},
   journal = {J. Phys. Chem. A},
   volume = {110},
   number = {3},
   pages = {1022-1030},
   year = {2006},
   doi = {10.1021/jp0543882},
   note ={PMID: 16420003},
   URL = { http://dx.doi.org/10.1021/jp0543882},
   eprint = { http://dx.doi.org/10.1021/jp0543882}
}

@article{hyperspheric,
   author = "Pack, Russell T and Parker, Gregory A.",
   title = "Quantum reactive scattering in three dimensions using hyperspherical (APH) coordinates. Theory",
   journal = "J. Chem. Phys.",
   year = "1987",
   volume = "87",
   number = "7", 
   pages = "3888-3921",
   url = "http://scitation.aip.org/content/aip/journal/jcp/87/7/10.1063/1.452944",
   doi = "http://dx.doi.org/10.1063/1.452944" 
}

@book{sommerfeldCond,
   author = {{Sommerfeld}, A.},
   title = "{Partial differential equation in physics}",
   booktitle = {Lectures on Theoretical Physics - Pure and Applied Mathematics, New York: Academic Press, 1949},
   year = 1949,
   adsurl = {http://adsabs.harvard.edu/abs/1949pdep.book.....S},
   adsnote = {Provided by the SAO/NASA Astrophysics Data System}
}

@article{planeWave,
   author = "Saha, Saumitra and Wang, Feng and Falzon, Chantal T. and Brunger, Michael J.",
   title = "Coexistence of 1,3-butadiene conformers in ionization energies and Dyson orbitals",
   journal = "J. Chem. Phys.",
   year = "2005",
   volume = "123",
   number = "12", 
   eid = 124315,
   url = "http://scitation.aip.org/content/aip/journal/jcp/123/12/10.1063/1.2034467",
   doi = "http://dx.doi.org/10.1063/1.2034467" 
}

@book{PESbook,
   author="H\"ufner, Stephan",
   title="Photoelectron Spectroscopy",
   edition="3",
   year="2003",
   publisher="Springer Verlag",
   address="Berlin",
   isbn="978-3-540-41802-3",
}

@article{x-ray,
   title = {Recent experimental and theoretical developments in time-resolved X-ray spectroscopies},
   volume = {277-278},
   issn = {00108545},
   url = {http://linkinghub.elsevier.com/retrieve/pii/S0010854514000630},
   doi = {10.1016/j.ccr.2014.02.013},
   pages = {44--68},
   journal = {Coordin. Chem. Rev.},
   author = {Milne, C.J. and Penfold, T.J. and Chergui, M.},
   date = {2014-10},
}

@article{dos,
   title = "The use of Koopmans' Theorem in the interpretation of photoelectron spectra",
   journal = "Int. J. Mass Spectrom.",
   volume = "2",
   number = "6",
   pages = "419 - 424",
   year = "1969",
   issn = "0020-7381",
   doi = "http://dx.doi.org/10.1016/0020-7381(69)80040-9",
   url = "http://www.sciencedirect.com/science/article/pii/0020738169800409",
   author = "W.G. Richards",
}

@article{dos2,
   author = { Anthony R.   Schwager  and  Kevin H.   Bell  and  Ellak I.   von Nagy-Felsobuki },
   title = {Photoelectron Spectra of the Alkyl Phenyl Disulfides},
   journal = {Phosphorus, Sulfur, and Silicon and the Related Elements},
   volume = {70},
   number = {1},
   pages = {287-295},
   year = {1992},
   doi = {10.1080/10426509208049177},
   URL = { http://dx.doi.org/10.1080/10426509208049177},
   eprint = { http://dx.doi.org/10.1080/10426509208049177},
}

@article{GreenBayse,
   author = {Bayse, Craig A. and Ortwine, Kristine N.},
   title = {Calculation of Photoelectron Spectra of Molybdenum and Tungsten Complexes Using Green's Functions Methods},
   journal = {J. Phys. Chem. A},
   volume = {111},
   number = {32},
   pages = {7841-7847},
   year = {2007},
   doi = {10.1021/jp063029j},
   note ={PMID: 17636964},
   URL = {http://dx.doi.org/10.1021/jp063029j},
   eprint = {http://dx.doi.org/10.1021/jp063029j},
}

@article{R-mol1,
   title = "R-matrix calculations for electron-molecule scattering",
   journal = "Comp. Phys. Commun.",
   volume = "17",
   number = "1",
   pages = "175 - 179",
   year = "1979",
   issn = "0010-4655",
   doi = "http://dx.doi.org/10.1016/0010-4655(79)90080-8",
   url = "http://www.sciencedirect.com/science/article/pii/0010465579900808",
   author = "B.D. Buckley and P.G. Burke and Vo Ky Lan",
}

@article{R-mol2,
   author={B M McLaughlin and R C Forrey},
   title={Low energy electron collisions with the N 2 H radical},
   journal={J. Phys.: Conference Series},
   volume={388},
   number={5},
   pages={052027},
   url={http://stacks.iop.org/1742-6596/388/i=5/a=052027},
   year={2012},
}

@article{bemDai,
   title = "An improved boundary element formulation for wave propagation problems",
   journal = "Eng. Anal. Bound. Elem.",
   volume = "10",
   number = "4",
   pages = "277 - 281",
   year = "1992",
   issn = "0955-7997",
   doi = "http://dx.doi.org/10.1016/0955-7997(92)90140-3",
   url = "http://www.sciencedirect.com/science/article/pii/0955799792901403",
   author = "D.N. Dai",
}

@article{bem-fem,
   title = "A simple analysis of soil-structure interaction by BEM-FEM coupling",
   journal = "Eng. Anal. Bound. Elem.",
   volume = "10",
   number = "4",
   pages = "283 - 289",
   year = "1992",
   issn = "0955-7997",
   doi = "http://dx.doi.org/10.1016/0955-7997(92)90141-S",
   url = "http://www.sciencedirect.com/science/article/pii/095579979290141S",
   author = "F. Guarracino and V. Minutolo and L. Nunziante",
}

@book{bemBook,
   title={A Beginner's Course in Boundary Element Methods},
   author={Ang, Whye-Teong},
   year={2007},
   publisher={Universal Publishers},
   address={Boca Raton, Florida},
   isbn={978-1-58112-974-8},
}

@article{bemCostabel,
   title = "Principles of boundary element methods",
   journal = "Comput. Phys. Rep.",
   volume = "6",
   number = "1",
   pages = "243 - 274",
   year = "1987",
   issn = "0167-7977",
   doi = "http://dx.doi.org/10.1016/0167-7977(87)90014-1",
   url = "http://www.sciencedirect.com/science/article/pii/0167797787900141",
   author = "Martin Costabel",
}

@article{bettessBEM,
   author = {Zienkiewicz, O. C. and Kelly, D. W. and Bettess, P.},
   title = {The coupling of the finite element method and boundary solution procedures},
   journal = {Int. J. Numer. Meth. Eng.},
   volume = {11},
   number = {2},
   publisher = {John Wiley \& Sons, Ltd},
   issn = {1097-0207},
   url = {http://dx.doi.org/10.1002/nme.1620110210},
   doi = {10.1002/nme.1620110210},
   pages = {355--375},
   year = {1977},
}

@article{dreyer_effectiveness,
   title = {Effectiveness and robustness of improved infinite elements for exterior acoustics},
   volume = {195},
   issn = {00457825},
   url = {http://linkinghub.elsevier.com/retrieve/pii/S0045782505002471},
   doi = {10.1016/j.cma.2005.01.019},
   pages = {3591--3607},
   number = {29},
   journal = {Comput. Method Appl. M.},
   author = {Dreyer, D. and Petersen, S. and von Estorff, O.},
   date = {2006-06},
   note = {00024},
}

@article{dreyer_improved,
   title = {Improved conditioning of infinite elements for exterior acoustics},
   volume = {58},
   url = {http://onlinelibrary.wiley.com/doi/10.1002/nme.804/full},
   pages = {933--953},
   number = {6},
   journal = {Int. J. Numer. Meth. Eng.},
   author = {Dreyer, D. and Von Estorff, O.},
   date = {2003},
   note = {00049},
}

@article{infelNew,
   title = "A few new (?) facts about infinite elements ",
   journal = "Computer Methods in Applied Mechanics and Engineering ",
   volume = "195",
   number = "29–32",
   pages = "3572 - 3590",
   year = "2006",
   note = "Absorbing Boundary Conditions ",
   issn = "0045-7825",
   doi = "http://dx.doi.org/10.1016/j.cma.2005.04.013",
   url = "http://www.sciencedirect.com/science/article/pii/S0045782505002458",
   author = "L. Demkowicz and Jie Shen",
}

@article{astley_stability,
   title = {The stability of infinite element schemes for transient wave problems},
   volume = {195},
   issn = {00457825},
   url = {http://linkinghub.elsevier.com/retrieve/pii/S0045782505002446},
   doi = {10.1016/j.cma.2005.01.026},
   pages = {3553--3571},
   number = {29},
   journal = {Comput. Method Appl. M.},
   author = {Astley, R.J. and Hamilton, J.A.},
   date = {2006-06},
   note = {00016},
}

@TechReport{slepcManual,
   author      = "J. E. Roman and C. Campos and E. Romero and A. Tomas",
   title       = "{SLEPc} Users Manual",
   number      = "DSIC-II/24/02 - Revision 3.7",
   institution = "D. Sistemes Inform\`atics i Computaci\'o, Universitat Polit\`ecnica de Val\`encia",
   year        = "2016"
}

@article{fd_gpu,
   title = "High-performance parallel solver for 3D time-dependent Schrodinger equation for large-scale nanosystems ",
   journal = "Comp. Phys. Comm. ",
   volume = "188",
   pages = "68 - 75",
   year = "2015",
   issn = "0010-4655",
   doi = "http://dx.doi.org/10.1016/j.cpc.2014.11.005",
   url = "http://www.sciencedirect.com/science/article/pii/S0010465514003750",
   author = "I.K. Gainullin and M.A. Sonkin",
}

@article{fd_Cart,
   title = "Numerical analysis on quantum dots-in-a-well structures by finite difference method ",
   journal = "Superlattices and Microstructures ",
   volume = "60",
   pages = "311 - 319",
   year = "2013",
   issn = "0749-6036",
   doi = "http://dx.doi.org/10.1016/j.spmi.2013.05.012",
   url = "http://www.sciencedirect.com/science/article/pii/S0749603613001432",
   author = "Liang Gong and Yong-chun Shu and Jing-jun Xu and Qin-sheng Zhu and Zhan-guo Wang",
}

@article{fd_Cart2,
   title = "Numerical computation of pyramidal quantum dots with band non-parabolicity ",
   journal = "Superlattices and Microstructures ",
   volume = "61",
   pages = "81 - 90",
   year = "2013",
   issn = "0749-6036",
   doi = "http://dx.doi.org/10.1016/j.spmi.2013.06.011",
   url = "http://www.sciencedirect.com/science/article/pii/S0749603613001882",
   author = "Liang Gong and Yong-chun Shu and Jing-jun Xu and Zhan-guo Wang",
}

@book{Fourier,
   author="Fourier, Joseph B.",
   title="Theorie Analytique de la Chaleur",
   publisher="Firmin Didot",
   year="1822",
}

@article{rbfSE,
   title = "The use of a meshless technique based on collocation and radial basis functions for solving the time fractional nonlinear Schrödinger equation arising in quantum mechanics ",
   journal = "Eng. Anal. Bound. Elem. ",
   volume = "37",
   number = "2",
   pages = "475 - 485",
   year = "2013",
   issn = "0955-7997",
   doi = "http://dx.doi.org/10.1016/j.enganabound.2012.12.002",
   url = "http://www.sciencedirect.com/science/article/pii/S0955799712002299",
   author = "Akbar Mohebbi and Mostafa Abbaszadeh and Mehdi Dehghan",
}

@article{rbfWave,
   title = "Study of radial basis collocation method for wave propagation ",
   journal = "Eng. Anal. Bound. Elem. ",
   volume = "37",
   number = "2",
   pages = "453 - 463",
   year = "2013",
   issn = "0955-7997",
   doi = "http://dx.doi.org/10.1016/j.enganabound.2012.12.001",
   url = "http://www.sciencedirect.com/science/article/pii/S0955799712002263",
   author = "Lihua Wang and Fuyun Chu and Zheng Zhong",
}

@article{rbfInterpol,
   AUTHOR = {Franke, Richard},
   TITLE = {Scattered data interpolation: tests of some methods},
   JOURNAL = {Math. Comp.},
   FJOURNAL = {Mathematics of Computation},
   VOLUME = {38},
   YEAR = {1982},
   NUMBER = {157},
   PAGES = {181--200},
   ISSN = {0025-5718},
   CODEN = {MCMPAF},
   MRCLASS = {65D05},
   MRNUMBER = {637296},
   DOI = {10.2307/2007474},
   URL = {http://dx.doi.org/10.2307/2007474},
}

@article{rbfSurf,
   author={J. C. Carr and W. R. Fright and R. K. Beatson},
   journal={IEEE Transactions on Medical Imaging},
   title={Surface interpolation with radial basis functions for medical imaging},
   year={1997},
   volume={16},
   number={1},
   pages={96-107},
   doi={10.1109/42.552059},
   ISSN={0278-0062},
   month={Feb},
}

@book{SphHarm,
   title="Angular Momentum in Quantum Mechanics",
   author="Edmonds, A. R.",
   publisher="Princeton University Press",
   address="Princeton, New Jersey",
   year="1996",
   isbn="0-691-02589-4",
   edition="4",
}

@article{sd_mult,
   title = "A p-multigrid spectral difference method with explicit and implicit smoothers on unstructured triangular grids ",
   journal = "Computers \& Fluids ",
   volume = "38",
   number = "2",
   pages = "254 - 265",
   year = "2009",
   issn = "0045-7930",
   doi = "http://dx.doi.org/10.1016/j.compfluid.2008.02.004",
   url = "http://www.sciencedirect.com/science/article/pii/S004579300800039X",
   author = "C. Liang and R. Kannan and Z.J. Wang",
}

@article{sd_unstructured,
   title = "Spectral difference method for unstructured grids I: Basic formulation ",
   journal = "J. Comput. Phys. ",
   volume = "216",
   number = "2",
   pages = "780 - 801",
   year = "2006",
   issn = "0021-9991",
   doi = "http://dx.doi.org/10.1016/j.jcp.2006.01.024",
   url = "http://www.sciencedirect.com/science/article/pii/S0021999106000106",
   author = "Yen Liu and Marcel Vinokur and Z.J. Wang",
}

@book{pmlBook,
   editor="Marburg, Steffen and Nolte, Bodo",
   title="Computational Acoustics of Noise Propagation in Fluids - Finite and Boundary Element Methods",
   publisher="Springer",
   year="2008",
   isbn="978-3-540-77448-8",
}

@article{pml1,
   title = "Perfectly Matched Absorbing Layers for the Paraxial Equations",
   journal = "J. Comput. Phys.",
   volume = "131",
   number = "1",
   pages = "164 - 180",
   year = "1997",
   issn = "0021-9991",
   doi = "http://dx.doi.org/10.1006/jcph.1996.5594",
   url = "http://www.sciencedirect.com/science/article/pii/S0021999196955941",
   author = "Francis Collino",
}

@article{pml2,
   title = "A perfectly matched layer approach to the nonlinear Schrödinger wave equations ",
   journal = "J. Comput. Phys. ",
   volume = "227",
   number = "1",
   pages = "537 - 556",
   year = "2007",
   issn = "0021-9991",
   doi = "http://dx.doi.org/10.1016/j.jcp.2007.08.004",
   url = "http://www.sciencedirect.com/science/article/pii/S0021999107003464",
   author = "Chunxiong Zheng",
}

@book{Holthausen,
   title="A Chemist's Guide to Density Functional Theory",
   edition="2",
   author="Koch, Wolfram and Holthausen, Max C.",
   publisher="Wiley-VCH Verlag GmbH",
   year="2001",
   isbn="3-527-60004-3",
}

@article{lcblyp,
   author = "Iikura, Hisayoshi and Tsuneda, Takao and Yanai, Takeshi and Hirao, Kimihiko",
   title = "A long-range correction scheme for generalized-gradient-approximation exchange functionals",
   journal = "J. Chem. Phys.",
   year = "2001",
   volume = "115",
   number = "8", 
   pages = "3540-3544",
   url = "http://scitation.aip.org/content/aip/journal/jcp/115/8/10.1063/1.1383587",
   doi = "http://dx.doi.org/10.1063/1.1383587" 
}

@article{6-31g,
   author = "Ditchfield, R. and Hehre, W. J. and Pople, J. A.",
   title = "Self-Consistent Molecular-Orbital Methods. IX. An Extended Gaussian-Type Basis for Molecular-Orbital Studies of Organic Molecules",
   journal = "J. Chem. Phys.",
   year = "1971",
   volume = "54",
   number = "2", 
   pages = "724-728",
   url = "http://scitation.aip.org/content/aip/journal/jcp/54/2/10.1063/1.1674902",
   doi = "http://dx.doi.org/10.1063/1.1674902" 
}

@article{6-31gd,
   author = "Petersson, G. A. and Bennett, Andrew and Tensfeldt, Thomas G. and Al-Laham, Mohammad A. and Shirley, William A. and Mantzaris, John",
   title = "A complete basis set model chemistry. I. The total energies of closed-shell atoms and hydrides of the first-row elements",
   journal = "J. Chem. Phys.",
   year = "1988",
   volume = "89",
   number = "4", 
   pages = "2193-2218",
   url = "http://scitation.aip.org/content/aip/journal/jcp/89/4/10.1063/1.455064",
   doi = "http://dx.doi.org/10.1063/1.455064" 
}

@article{def2tzvp,
   author ="Weigend, Florian and Ahlrichs, Reinhart",
   title  ="Balanced basis sets of split valence{,} triple zeta valence and quadruple zeta valence quality for H to Rn: Design and assessment of accuracy",
   journal  ="Phys. Chem. Chem. Phys.",
   year  ="2005",
   volume  ="7",
   issue  ="18",
   pages  ="3297-3305",
   publisher  ="The Royal Society of Chemistry",
   doi  ="10.1039/B508541A",
   url  ="http://dx.doi.org/10.1039/B508541A",
}

@TechReport{str-7,
   author      = "V. Hernandez and J. E. Roman and A. Tomas and V. Vidal",
   title       = "A survey of software for sparse eigenvalue problems",
   number      = "STR-7",
   institution = "Universitat Polit\`ecnica de Val\`encia",
   note        = "Available at http://slepc.upv.es",
   year        = "2009"
}

@TechReport{str-4,
   author      = "V. Hernandez and J. E. Roman and A. Tomas and V. Vidal",
   title       = "A survey of software for sparse eigenvalue problems",
   number      = "STR-4",
   institution = "Universitat Polit\`ecnica de Val\`encia",
   note        = "Available at http://slepc.upv.es",
   year        = "2009"
}

@TechReport{str-5,
   author      = "V. Hernandez and J. E. Roman and A. Tomas and V. Vidal",
   title       = "A survey of software for sparse eigenvalue problems",
   number      = "STR-5",
   institution = "Universitat Polit\`ecnica de Val\`encia",
   note        = "Available at http://slepc.upv.es",
   year        = "2009"
}

@article{KrSch,
   author = {G. W. Stewart},
   title = {A Krylov--Schur Algorithm for Large Eigenproblems},
   journal = {Siam J. Matrix Anal. A.},
   volume = {23},
   number = {3},
   pages = {601-614},
   year = {2002},
   doi = {10.1137/S0895479800371529},
   URL = { http://dx.doi.org/10.1137/S0895479800371529},
   eprint = { http://dx.doi.org/10.1137/S0895479800371529}
}

@Inbook{Helmke2010,
   author="Helmke, Uwe
   and Jordan, Jens",
   editor="Willems, Jan C.
   and Hara, Shinji
   and Ohta, Yoshito
   and Fujioka, Hisaya",
   title="Control and Stabilization of Linear Equation Solvers",
   bookTitle="Perspectives in Mathematical System Theory, Control, and Signal Processing: A Festschrift in Honor of Yutaka Yamamoto on the Occasion of his 60th Birthday",
   year="2010",
   publisher="Springer Berlin Heidelberg",
   address="Berlin, Heidelberg",
   pages="73--82",
   isbn="978-3-540-93918-4",
   doi="10.1007/978-3-540-93918-4_7",
   url="http://dx.doi.org/10.1007/978-3-540-93918-4_7"
}

@article{HelmhPrec,
   title = "Preconditioning techniques for the solution of the Helmholtz equation by the finite element method ",
   journal = "Math. Comput. Simulat. ",
   volume = "65",
   number = "4–5",
   pages = "303 - 321",
   year = "2004",
   note = "Wave Phenomena in Physics and Engineering: New Models, Algorithms, and Applications ",
   issn = "0378-4754",
   doi = "http://dx.doi.org/10.1016/j.matcom.2004.01.004",
   url = "http://www.sciencedirect.com/science/article/pii/S0378475404000199",
   author = "Riyad Kechroud and Azzeddine Soulaimani and Yousef Saad and Shivaraju Gowda",
}

@article{PrecFem,
   title = "Improving the accuracy of mass-lumped finite-elements in the first-order formulation of the wave equation by defect correction ",
   journal = "J. Comput. Phys. ",
   volume = "322",
   pages = "689 - 707",
   year = "2016",
   issn = "0021-9991",
   doi = "http://dx.doi.org/10.1016/j.jcp.2016.07.006",
   url = "http://www.sciencedirect.com/science/article/pii/S0021999116302856",
   author = "R. Shamasundar and W.A. Mulder",
}

@article{PrecFem2,
   author = {Aminfar, AmirHossein and Darve, Eric},
   title = {A fast, memory efficient and robust sparse preconditioner based on a multifrontal approach with applications to finite-element matrices},
   journal = {Int. J. Numer. Meth. Eng.},
   volume = {107},
   number = {6},
   issn = {1097-0207},
   url = {http://dx.doi.org/10.1002/nme.5196},
   doi = {10.1002/nme.5196},
   pages = {520--540},
   year = {2016},
}

@article{MultPrec,
   author="Dahmen, Wolfgang
   and Kunoth, Angela",
   title="Multilevel preconditioning",
   journal="Numer. Math.",
   year="1992",
   volume="63",
   number="1",
   pages="315--344",
   issn="0945-3245",
   doi="10.1007/BF01385864",
   url="http://dx.doi.org/10.1007/BF01385864",
}

@article{MultPrec2,
   author="Yserentant, Harry",
   title="On the multi-level splitting of finite element spaces",
   journal="Numer. Math.",
   year="1986",
   volume="49",
   number="4",
   pages="379--412",
   issn="0945-3245",
   doi="10.1007/BF01389538",
   url="http://dx.doi.org/10.1007/BF01389538",
}

@article{PrecKr,
   author="Kushida, Noriyuki",
   title="Newton--Raphson preconditioner for Krylov type solvers on GPU devices",
   journal="SpringerPlus",
   year="2016",
   volume="5",
   number="1",
   pages="788",
   issn="2193-1801",
   doi="10.1186/s40064-016-2346-7",
   url="http://dx.doi.org/10.1186/s40064-016-2346-7",
}

@inbook{daubechies,
   title = {6. Orthonormal Bases of Compactly Supported Wavelets},
   booktitle = {Ten Lectures on Wavelets},
   pages = {167-213},
   doi = {10.1137/1.9781611970104.ch6},
   URL = {http://epubs.siam.org/doi/abs/10.1137/1.9781611970104.ch6},
   eprint = {http://epubs.siam.org/doi/pdf/10.1137/1.9781611970104.ch6}
}

@book{WaveletChem,
   title="Wavelet Applications in Chemical Engineering",
   editors="Motard, Rodolphe L. and Joseph, Babu",
   year="1994",
   Publisher="Springer US",
   isbn="978-1-4615-2708-4",
   doi="10.1007/978-1-4615-2708-4",
   edition="1",
}

@article{blyp,
   title = {Density-functional exchange-energy approximation with correct asymptotic behavior},
   author = {Becke, A. D.},
   journal = {Phys. Rev. A},
   volume = {38},
   issue = {6},
   pages = {3098--3100},
   numpages = {0},
   year = {1988},
   month = {Sep},
   publisher = {American Physical Society},
   doi = {10.1103/PhysRevA.38.3098},
   url = {http://link.aps.org/doi/10.1103/PhysRevA.38.3098}
}

@article{lyp,
   title = {Development of the Colle-Salvetti correlation-energy formula into a functional of the electron density},
   author = {Lee, Chengteh and Yang, Weitao and Parr, Robert G.},
   journal = {Phys. Rev. B},
   volume = {37},
   issue = {2},
   pages = {785--789},
   numpages = {0},
   year = {1988},
   month = {Jan},
   publisher = {American Physical Society},
   doi = {10.1103/PhysRevB.37.785},
   url = {http://link.aps.org/doi/10.1103/PhysRevB.37.785}
}

@article{RungeGross,
   title = {Density-Functional Theory for Time-Dependent Systems},
   author = {Runge, Erich and Gross, E. K. U.},
   journal = {Phys. Rev. Lett.},
   volume = {52},
   issue = {12},
   pages = {997--1000},
   numpages = {0},
   year = {1984},
   month = {Mar},
   publisher = {American Physical Society},
   doi = {10.1103/PhysRevLett.52.997},
   url = {http://link.aps.org/doi/10.1103/PhysRevLett.52.997}
}

@ARTICLE{dreuw,
   author = {Dreuw, A. and Head-Gordon, M.},
   title = {Single-Reference ab Inition Methods for the Calculation of Excited
      States of Large Molecules},
   journal = {Chem. Rev.},
   year = {2005},
   volume = {105},
   pages = {4009-4035},
   number = {11}
}

@Inbook{casida,
   author="Casida, M.E. and Ipatov, A. and Cordova, F.",
   editor="Marques, Miguel A.L. and Ullrich, Carsten A.
   and Nogueira, Fernando and Rubio, Angel
   and Burke, Kieron  and Gross, Eberhard K. U.",
   title="Linear-Response Time-Dependent Density Functional Theory for Open-Shell Molecules",
   bookTitle="Time-Dependent Density Functional Theory",
   year="2006",
   publisher="Springer Berlin Heidelberg",
   address="Berlin, Heidelberg",
   pages="243--257",
   isbn="978-3-540-35426-0",
   doi="10.1007/3-540-35426-3_16",
   url="http://dx.doi.org/10.1007/3-540-35426-3_16"
}

@article{bioPES,
   title = "Study of complex molecules of biological interest with synchrotron radiation ",
   journal = "J. Electron Spectrosc. ",
   volume = "204, Part B",
   pages = "335 - 344",
   year = "2015",
   note = "Gas phase spectroscopic and dynamical studies at Free-Electron Lasers and other short wavelength sources ",
   issn = "0368-2048",
   doi = "http://dx.doi.org/10.1016/j.elspec.2015.08.010",
   url = "http://www.sciencedirect.com/science/article/pii/S0368204815001930",
   author = "K.C. Prince and P. Bolognesi and V. Feyer and O. Plekan and L. Avaldi",
}

@article{sanchez,
   author ="Mori-Sanchez, Paula and Cohen, Aron J.",
   title  ="The derivative discontinuity of the exchange-correlation functional",
   journal  ="Phys. Chem. Chem. Phys.",
   year  ="2014",
   volume  ="16",
   issue  ="28",
   pages  ="14378-14387",
   publisher  ="The Royal Society of Chemistry",
   doi  ="10.1039/C4CP01170H",
   url  ="http://dx.doi.org/10.1039/C4CP01170H",
}

@article{derdis,
   title = {Density-Functional Theory for Fractional Particle Number: Derivative Discontinuities of the Energy},
   author = {Perdew, John P. and Parr, Robert G. and Levy, Mel and Balduz, Jose L.},
   journal = {Phys. Rev. Lett.},
   volume = {49},
   issue = {23},
   pages = {1691--1694},
   numpages = {0},
   year = {1982},
   month = {Dec},
   publisher = {American Physical Society},
   doi = {10.1103/PhysRevLett.49.1691},
   url = {http://link.aps.org/doi/10.1103/PhysRevLett.49.1691}
}

@article{do_modCoul,
   author = {Gozem, Samer and Gunina, Anastasia O. and Ichino, Takatoshi and Osborn, David L. and Stanton, John F. and Krylov, Anna I.},
   title = {Photoelectron Wave Function in Photoionization: Plane Wave or Coulomb Wave?},
   journal = {J. Phys. Chem. Lett.},
   volume = {6},
   number = {22},
   pages = {4532-4540},
   year = {2015},
   doi = {10.1021/acs.jpclett.5b01891},
   note ={PMID: 26509428},
   URL = { http://dx.doi.org/10.1021/acs.jpclett.5b01891},
   eprint = { http://dx.doi.org/10.1021/acs.jpclett.5b01891},
}

@article{do_pworth,
   author = {Mignolet, Benoît and Johansson, J. Olof and Campbell, Eleanor E. B. and Remacle, Françoise},
   title = {Probing Rapidly-Ionizing Super-Atom Molecular Orbitals in C60: A Computational and Femtosecond Photoelectron Spectroscopy Study},
   journal = {ChemPhysChem},
   volume = {14},
   number = {14},
   publisher = {WILEY-VCH Verlag},
   issn = {1439-7641},
   url = {http://dx.doi.org/10.1002/cphc.201300585},
   doi = {10.1002/cphc.201300585},
   pages = {3332--3340},
   year = {2013},
}

@article{ColWave,
   author = {{Green}, L.~C. and {Matsushima}, S. and {Kolchin}, E.~K.},
   title = "{Tables of the Continuum Wave Functions for Hydrogen.}",
   journal = {apjs},
   year = 1958,
   month = nov,
   volume = 3,
   pages = {459},
   doi = {10.1086/190041},
   adsurl = {http://adsabs.harvard.edu/abs/1958ApJS....3..459G},
   adsnote = {Provided by the SAO/NASA Astrophysics Data System}
}

@article{p-fem,
   ISSN = {00361429},
   URL = {http://www.jstor.org/stable/2156869},
   author = {I. Babuska and B. A. Szabo and I. N. Katz},
   journal = {SIAM J. Numer. Anal.},
   number = {3},
   pages = {515-545},
   publisher = {Society for Industrial and Applied Mathematics},
   title = {The p-Version of the Finite Element Method},
   volume = {18},
   year = {1981},
}

@article{hp-fem,
   title = "Fully automatic hp-adaptivity in three dimensions ",
   journal = "Comput. Method Appl. M. ",
   volume = "195",
   number = "37–40",
   pages = "4816 - 4842",
   year = "2006",
   note = "John H. Argyris Memorial Issue. Part I ",
   issn = "0045-7825",
   doi = "http://dx.doi.org/10.1016/j.cma.2005.08.022",
   url = "http://www.sciencedirect.com/science/article/pii/S0045782505005098",
   author = "W. Rachowicz and D. Pardo and L. Demkowicz",
}

@book{femPraxis,
   author="Meinken, Andreas",
   title="Finite Elemente in der praxis",
   publisher="Expert Verlag",
   year="2001",
   edition="1",
   isbn="3-8169-1997-9",
}

@article{nonconfFEM,
   title = "Nonconforming finite element methods ",
   journal = "J. Comput. Appl. Math. ",
   volume = "149",
   number = "1",
   pages = "221 - 225",
   year = "2002",
   note = "Scientific and Engineering Computations for the 21st Century - Me thodologies and Applications Proceedings of the 15th Toyota Conference ",
   issn = "0377-0427",
   doi = "http://dx.doi.org/10.1016/S0377-0427(02)00531-9",
   url = "http://www.sciencedirect.com/science/article/pii/S0377042702005319",
   author = "Zhong-Ci Shi"
}

@article{cap1,
   title = "Complex absorbing potentials ",
   journal = "Phys. Rep.",
   volume = "395",
   number = "6",
   pages = "357 - 426",
   year = "2004",
   issn = "0370-1573",
   doi = "http://dx.doi.org/10.1016/j.physrep.2004.03.002",
   url = "http://www.sciencedirect.com/science/article/pii/S0370157304001218",
   author = "J.G. Muga and J.P. Palao and B. Navarro and I.L. Egusquiza"
}

@article{cap2,
   author={U V Riss and H-D Meyer},
   title={The transformative complex absorbing potential method: a bridge between complex absorbing potentials and smooth exterior scaling},
   journal={J. Phys. B- At. Mol. Opt.},
   volume={31},
   number={10},
   pages={2279},
   url={http://stacks.iop.org/0953-4075/31/i=10/a=016},
   year={1998},
}

@article{capWork,
   title = {Why complex absorbing potentials work: A discrete-variable-representation perspective},
   author = {Santra, Robin},
   journal = {Phys. Rev. A},
   volume = {74},
   issue = {3},
   pages = {034701},
   numpages = {4},
   year = {2006},
   month = {Sep},
   publisher = {American Physical Society},
   doi = {10.1103/PhysRevA.74.034701},
   url = {http://link.aps.org/doi/10.1103/PhysRevA.74.034701}
}

@article{compScale,
   author = { W P Reinhardt },
   title = {Complex Coordinates in the Theory of Atomic and Molecular Structure and Dynamics},
   journal = {Ann. Rev. Phys. Chem.},
   volume = {33},
   number = {1},
   pages = {223-255},
   year = {1982},
   doi = {10.1146/annurev.pc.33.100182.001255},
   URL = { http://dx.doi.org/10.1146/annurev.pc.33.100182.001255},
   eprint = { http://dx.doi.org/10.1146/annurev.pc.33.100182.001255}
}

@article{babuska,
   title = "A comparison of approximate boundary conditions and infinite element methods for exterior Helmholtz problems",
   journal = "Comput. Method Appl. M.",
   volume = "164",
   number = "1",
   pages = "121 - 139",
   year = "1998",
   issn = "0045-7825",
   doi = "http://dx.doi.org/10.1016/S0045-7825(98)00050-4",
   url = "http://www.sciencedirect.com/science/article/pii/S0045782598000504",
   author = "Joseph J. Shirron and Ivo Babuška",
}

@inproceedings{artBC,
   author={Meade, Douglas B. and Peterson, Andrew F. and Castle Catherine P.},
   title={Derivation and Comparison of Radiation Boundary Conditions for the Two-Dimensional Helmholtz Equation with Non-Circular Artificial Boundaries},
   year = {1995},
   pages = {506--514},
   address = {Mandelieu-La Napoule, France},
   booktitle = {Proceedings of the Third International Conference on Mathematical and Numerical Aspects of Wave Propagation Phenomena}
}

@article{capComp,
   title = "Numerical solution of problems on unbounded domains. A review",
   journal = "Appl. Numer. Math.",
   volume = "27",
   number = "4",
   pages = "465 - 532",
   year = "1998",
   issn = "0168-9274",
   doi = "http://dx.doi.org/10.1016/S0168-9274(98)00025-7",
   url = "http://www.sciencedirect.com/science/article/pii/S0168927498000257",
   author = "Semyon V. Tsynkov",
}

@article{absRev,
   author={R. Mittra and O. O. Ramahi and A. Khebir and R. Gordon and A. Kouki},
   journal={IEEE T. Magn.},
   title={A review of absorbing boundary conditions for two and three-dimensional electromagnetic scattering problems},
   year={1989},
   volume={25},
   number={4},
   pages={3034-3039},
   doi={10.1109/20.34361},
   ISSN={0018-9464},
   month={Jul},
}

@article{nrBCrev,
   title = "High-order local non-reflecting boundary conditions: a review ",
   journal = "Wave Motion ",
   volume = "39",
   number = "4",
   pages = "319 - 326",
   year = "2004",
   note = "New computational methods for wave propagation ",
   issn = "0165-2125",
   doi = "http://dx.doi.org/10.1016/j.wavemoti.2003.12.004",
   url = "http://www.sciencedirect.com/science/article/pii/S0165212503001203",
   author = "Dan Givoli",
}

@misc{nwc2dy,
   author="M{\"o}hle, Tobias",
   title="NWC2Dy",
   year="2015",
   note="https://github.com/BalticPinguin/NWC2Dy"
}

@misc{FreeWilly,
   author="M{\"o}hle, Tobias",
   title="FreeWilly",
   year="2017",
   note="https://github.com/BalticPinguin/FreeWilly"
}

@article{ContOrb,
   title = {Molecular-orbital decomposition of the ionization continuum for a diatomic molecule by angle- and energy-resolved photoelectron spectroscopy. I. Formalism},
   volume = {104},
   issn = {00219606},
   url = {http://scitation.aip.org/content/aip/journal/jcp/104/12/10.1063/1.471204},
   doi = {10.1063/1.471204},
   pages = {4554},
   number = {12},
   journal = {J. Chem. Phys.},
   author = {Park, Hongkun and Zare, Richard N.},
   date = {1996},
}

@article{baerRSH,
   author = {Roi Baer and Ester Livshits and Ulrike Salzner},
   title = {Tuned Range-Separated Hybrids in Density Functional Theory},
   journal = {Ann. Rev. Phys. Chem.},
   volume = {61},
   number = {1},
   pages = {85-109},
   year = {2010},
   doi = {10.1146/annurev.physchem.012809.103321},
   note ={PMID: 20055678},
   URL = { http://dx.doi.org/10.1146/annurev.physchem.012809.103321},
   eprint = { http://dx.doi.org/10.1146/annurev.physchem.012809.103321}
}

@article{adapt_idw,
   title = "An adaptive inverse-distance weighting spatial interpolation technique ",
   journal = "Comput. Geosci.",
   volume = "34",
   number = "9",
   pages = "1044 - 1055",
   year = "2008",
   issn = "0098-3004",
   doi = "http://dx.doi.org/10.1016/j.cageo.2007.07.010",
   url = "http://www.sciencedirect.com/science/article/pii/S0098300408000721",
   author = "George Y. Lu and David W. Wong",
}

@article{idw,
   title = "Pollution models and inverse distance weighting: Some critical remarks ",
   journal = "Comput. Geosci.",
   volume = "52",
   pages = "459 - 469",
   year = "2013",
   issn = "0098-3004",
   doi = "http://dx.doi.org/10.1016/j.cageo.2012.11.002",
   url = "http://www.sciencedirect.com/science/article/pii/S009830041200372X",
   author = "Louis de Mesnard",
}

@article{CompInterp,
   AUTHOR = {Franke, Richard},
   TITLE = {Scattered data interpolation: tests of some methods},
   JOURNAL = {Math. Comput.},
   VOLUME = {38},
   YEAR = {1982},
   NUMBER = {157},
   PAGES = {181--200},
   ISSN = {0025-5718},
   CODEN = {MCMPAF},
   MRCLASS = {65D05},
   MRNUMBER = {637296},
   DOI = {10.2307/2007474},
   URL = {http://dx.doi.org/10.2307/2007474},
}

@article{idw_krieging,
   author="Zimmerman, Dale
   and Pavlik, Claire
   and Ruggles, Amy
   and Armstrong, Marc P.",
   title="An Experimental Comparison of Ordinary and Universal Kriging and Inverse Distance Weighting",
   journal="Mathematical Geology",
   year="1999",
   volume="31",
   number="4",
   pages="375--390",
   issn="1573-8868",
   doi="10.1023/A:1007586507433",
   url="http://dx.doi.org/10.1023/A:1007586507433"
}

@article{interpol,
   title="spatial interpolation: an overview",
   journal = "Geoderma",
   volume = "62",
   number = "1",
   pages = "17 - 28",
   year = "1994",
   issn = "0016-7061",
   doi = "http://dx.doi.org/10.1016/0016-7061(94)90025-6",
   url = "http://www.sciencedirect.com/science/article/pii/0016706194900256",
   author = "Donald E. Myers",
}

@article{nonreflectBC,
   ISSN = {02549409, 19917139},
   URL = {http://www.jstor.org/stable/43693037},
   author = {Houde Han and Chunxiong Zheng},
   journal = {J. Comput. Math.},
   number = {1},
   pages = {15-24},
   publisher = {Institute of Computational Mathematics and Scientific/Engineering Computing},
   title= {Exact Nonreflecting Boundary Conditions for an Acoustic Problem in Three Dimensions},
   volume = {21},
   year = {2003}
}

@inbook{saad,
   title = {3. Perturbation Theory and Error Analysis},
   booktitle = {Numerical Methods for Large Eigenvalue Problems},
   pages = {47-84},
   doi = {10.1137/1.9781611970739.ch3},
   URL = {http://epubs.siam.org/doi/abs/10.1137/1.9781611970739.ch3},
   eprint = {http://epubs.siam.org/doi/pdf/10.1137/1.9781611970739.ch3}
}

@book{wilkinson,
   editor = {Wilkinson, J. H.},
   title = {The Algebraic Eigenvalue Problem},
   year = {1988},
   isbn = {0-198-53418-3},
   publisher = {Oxford University Press, Inc.},
   address = {New York, NY, USA},
}
